1472 2664
282 277 356 315 DE
384 277 560 315 BELLO
590 277 765 316 AFRIC.
791 270 967 315 LIBER.
1121 275 1190 316 ‘201

65 379 269 418 eiosissime
299 381 436 429 potuit,
464 380 665 423 instruxit3
694 393 752 425 ac,
780 380 907 430 paullo
933 378 1081 428 longius
1107 393 1194 429 pro-

66 453 216 489 gressus
241 441 288 477 ab
307 441 383 477 suis
402 440 687 485 munitionibus,
706 440 809 477 haud
833 440 885 477 ita
903 439 967 476 diu
987 451 1196 476 commora-

64 507 138 544 tus,
157 512 198 536 se
217 501 364 550 recepit
383 500 420 536 in
440 507 574 538 castra.

113 558 257 595 XLIX.
312 559 465 605 Caesar,
493 567 693 610 postquam
717 558 994 604 animadvertit,
1026 557 1195 608 Scipioni

63 618 206 655 auxilia
222 618 315 664 fere,
336 632 432 670 quae
448 622 723 669 exspectasset,
743 619 869 657 omnia
881 619 1115 664 convenisse,
1131 631 1196 655 ne-

64 691 138 727 que
154 691 298 715 moram
319 679 512 729 pugnandi
528 679 641 716 ullam
661 679 756 724 fore,
776 692 843 729 per
857 680 991 729 jugum
1010 691 1197 715 summum

65 751 151 775 cum
171 739 292 789 copiis
310 739 489 790 progredi
506 739 645 789 coepit,
665 747 703 777 et
716 739 874 776 brachia
890 738 1061 789 protinus
1080 739 1196 776 duce-

64 811 118 844 re,
138 806 176 836 et
192 800 348 837 castella
366 800 526 845 munire,
554 800 785 850 propiusque
807 799 1023 849 Scipionem
1044 798 1196 848 capien-

63 859 111 895 do
126 859 210 896 loca
222 860 374 897 excelsa
389 872 578 910 occupare
595 860 804 897 contendit.
841 859 1072 904 Adversarii,
1091 871 1197 908 mag-

64 919 236 957 nitudine
258 921 451 971 copiarum
472 921 618 966 confisi,
645 920 859 970 proximum
879 920 1014 957 collem
1033 931 1198 969 occupa-

61 988 211 1024 verunt,
231 988 345 1030 atque
365 980 418 1017 ita
435 980 588 1030 longius
602 980 671 1017 sibi
689 979 958 1030 progrediendi
977 980 1198 1029 eripuerunt

61 1039 294 1078 facultatem.
344 1040 526 1091 Ejusdem
547 1040 654 1077 collis
674 1040 887 1090 occupandi
914 1039 1036 1089 gratia
1060 1039 1197 1077 Labie-

62 1114 133 1137 nus
163 1101 360 1138 consilium
381 1108 559 1151 ceperat;
586 1108 639 1146 et,
666 1113 741 1150 quo
760 1101 936 1150 propiore
954 1100 1040 1137 loco
1059 1100 1197 1145 fuerat,

61 1173 106 1197 co
128 1160 289 1198 celerius
308 1168 542 1198 occurrerat.

112 1221 160 1258 L.
213 1220 306 1258 Erat
325 1221 519 1267 convallis,
540 1221 629 1258 satis
644 1234 782 1271 magna
799 1221 1013 1266 latitudine,
1033 1220 1197 1258 altitudi-

66 1294 112 1318 ne
131 1290 348 1332 praerupta,
377 1282 518 1320 crebris
537 1281 630 1319 locis
649 1282 856 1332 speluncae
880 1282 916 1317 in
936 1281 1091 1318 modum
1109 1281 1198 1318 sub-

66 1342 171 1387 rutis,
192 1355 288 1392 quae
308 1350 416 1380 erant
442 1342 756 1392 transgredienda
784 1341 934 1379 Caesari
954 1350 1055 1387 ante,
1084 1354 1197 1392 quam

61 1401 109 1439 ad
129 1415 215 1439 eum
235 1403 385 1448 collem,
417 1416 533 1453 quem
561 1415 700 1452 capere
719 1402 887 1447 volebat,
913 1401 1199 1451 perveniretur;

63 1462 235 1513 ultraque
255 1475 339 1500 eam
359 1462 569 1500 convallem
589 1462 768 1499 olivetum
787 1469 909 1507 vetus,
930 1462 1072 1499 crebris
1087 1463 1197 1500 arbo-

62 1521 164 1558 ribus
186 1522 432 1559 condensum.
475 1522 553 1558 Hic
573 1535 688 1572 quum
705 1522 896 1559 Labienus
914 1522 1198 1560 animadvertis-

61 1591 131 1628 set,
158 1584 373 1629 Cacsarem,
407 1583 437 1620 si
462 1583 575 1620 vellet
594 1596 682 1620 eum
709 1583 834 1620 locum
864 1596 1066 1633 occupare,
1094 1583 1198 1633 prius

63 1656 218 1681 neccsse
246 1657 327 1681 esse
357 1643 567 1681 convallem
597 1643 853 1693 olivetumque
881 1644 1106 1694 transgredi,
1135 1657 1200 1682 eo-

63 1718 145 1741 rum
165 1704 336 1741 locorum
356 1704 513 1754 peritus,
546 1704 583 1740 in
603 1703 746 1740 insidiis
766 1717 852 1741 cum
880 1712 987 1754 parte
1007 1705 1197 1755 equitatus

61 1764 211 1814 levique
230 1773 419 1801 armatura
438 1764 634 1806 consedit;
653 1771 690 1800 et
711 1771 908 1814 praeterea
926 1771 1013 1814 post
1031 1771 1198 1802 montem

63 1824 255 1875 collesque
281 1824 427 1874 equites
456 1824 493 1860 in
514 1824 667 1861 occulto
692 1824 966 1861 collocaverat:
994 1832 1049 1870 ut,
1082 1838 1198 1875 quum

63 1884 145 1934 ipse
165 1897 213 1921 ex
240 1884 444 1934 improviso
463 1884 691 1934 legionarios
711 1883 865 1922 adortus
884 1893 995 1931 esset,
1026 1898 1075 1922 ex
1101 1886 1198 1923 colle

61 1957 102 1981 se
135 1945 325 1994 equitatus
355 1945 587 1990 ostenderet,
617 1952 671 1989 et,
699 1958 739 1982 re
768 1945 910 1995 duplici
941 1946 1198 1996 perturbatus,

62 2003 215 2050 Caesar,
245 2006 402 2055 ejusque
431 2005 638 2050 exercitus,
668 2017 793 2055 neque
822 2013 927 2042 retro
956 2005 1198 2055 regrediendi

63 2076 186 2114 neque
207 2064 305 2101 ultra
331 2064 565 2114 procedendi
592 2064 719 2102 oblata
736 2064 934 2111 facultate,
962 2065 1198 2103 circumvene

62 2129 124 2159 tus
151 2123 431 2160 concideretur.
486 2123 642 2169 Caesar,
671 2124 844 2174 equitatu
863 2132 952 2161 ante
979 2125 1198 2175 praemisso,

63 2181 204 2220 inscius
222 2182 441 2220 insidiarum
460 2196 576 2233 quum
595 2184 643 2221 ad
662 2197 748 2221 eum
769 2185 895 2222 locum
911 2187 1087 2231 venisset,
1106 2187 1198 2223 abu-

62 2241 93 2278 si
111 2241 189 2279 sive
207 2242 314 2279 obliti
332 2252 624 2294 praeceptorum
643 2243 819 2291 Labieni,
844 2245 922 2282 sive
941 2245 1065 2290 veriti,
1092 2258 1140 2282 ne
1159 2246 1198 2282 in

61 2300 162 2339 fossa
187 2302 234 2339 ab
254 2303 443 2353 equitibus
464 2305 783 2356 opprimerentur,
817 2306 890 2344 rari
917 2319 961 2344 ac
980 2306 1117 2355 singuli
1148 2306 1198 2343 de

140 2361 248 2400 Tou.
275 2362 326 2400 II.
614 2365 644 2402 C
677 2378 699 2401 e
