1472 2664
483 210 648 249 LIBER
699 210 753 247 11.
1148 212 1205 250 5&

65 316 165 364 tibus
191 313 446 366 compluribus
477 314 729 358 senatoribus,
758 325 835 364 quo
853 312 891 349 in
925 323 1084 349 numero
1114 318 1199 350 erat

68 376 149 414 Ser.
170 375 371 426 SulpiciuS‚
410 383 448 412 et
468 375 639 412 Licinius
661 374 929 423 Damasippus,
958 372 1088 422 paucis
1120 372 1200 409 die-

65 437 151 482 bus,
179 449 275 487 quae
294 436 375 473 fieri
394 436 509 473 vellet
530 436 681 479 Uticae,
710 434 908 471 constituit
935 441 1052 482 atque
1081 432 1201 482 impe-

59 499 170 535 ravit:
191 498 322 534 diebus
337 509 456 547 aeque
475 503 561 546 post
580 496 712 546 paucis
724 508 764 532 se
783 495 820 531 in
834 507 994 544 regnum
1011 506 1097 531 cum
1117 506 1198 531 om-

60 559 170 608 nibus
189 558 307 608 copiis
326 557 484 608 recepit.

482 800 646 837 LIBER
701 799 774 836 111.

113 923 145 960 1.
196 921 517 959 DICTATORE
536 922 702 959 habente
729 920 884 958 comitia
898 920 1076 966 Caesare,
1104 934 1198 958 con-

66 984 165 1022 sules
185 990 361 1020 creantur
393 982 517 1019 Julius
539 982 680 1019 Caesar
699 989 738 1018 et
757 982 800 1018 P.
822 981 1017 1027 Servilius,
1046 982 1075 1019 is
1094 982 1199 1019 enim

60 1052 144 1082 erat
163 1057 296 1088 annus,
324 1056 398 1092 quo
430 1056 498 1092 per
525 1043 630 1092 leges
649 1043 683 1079 ei
715 1042 909 1079 consulem
939 1043 1020 1080 fieri
1052 1043 1201 1080 liceret.

62 1105 137 1141 His
157 1105 268 1142 rebus
297 1103 494 1148 confectis,
524 1116 638 1153 quum
660 1103 752 1140 fides
782 1110 862 1140 tota
882 1103 997 1145 Italia,
1011 1110 1111 1140 esset
1131 1117 1199 1140 an-

60 1165 220 1214 gustior,
240 1176 365 1214 neque
385 1163 554 1200 creditae
571 1164 755 1214 pecuniae
774 1163 1027 1209 solverentur,
1057 1165 1200 1202 consti-

60 1226 147 1270 tuit,
177 1233 218 1262 ut
237 1225 369 1262 arbitri
388 1225 591 1261 darentur:
621 1238 688 1274 per
717 1237 782 1261 eos
802 1225 938 1262 fierent
969 1225 1203 1262 aestimatio-

57 1298 125 1326 nes
157 1286 448 1335 possessionum,
478 1292 514 1322 et
536 1298 677 1329 rerum,
708 1285 839 1335 quanti
871 1297 1044 1335 quaeque
1071 1297 1203 1322 carum

60 1353 149 1382 ante
169 1345 310 1382 bellum
326 1345 498 1390 fuissent,
518 1352 631 1395 atque
648 1357 716 1381 eae
730 1344 985 1381 creditoribus
1005 1344 1202 1382 traderen-

61 1411 136 1443 tur.
191 1405 279 1442 Hoc
298 1412 337 1442 et
356 1405 404 1442 ad
423 1405 596 1442 timorem
617 1418 799 1441 novarum
820 1405 1034 1442 tabularum
1069 1406 1206 1443 tollen-

61 1466 152 1504 dum
168 1466 506 1516 minuendumque,
527 1467 591 1516 qui
606 1466 686 1503 fere
705 1466 806 1502 bella
824 1474 863 1503 et
879 1466 1008 1503 civiles
1028 1466 1203 1504 dissensi-

63 1539 157 1564 ones
177 1526 282 1576 sequi
303 1528 513 1571 consuevit,
543 1534 582 1563 et
601 1527 648 1564 ad
668 1527 882 1563 debitorum
904 1527 1083 1563 tuendam
1105 1529 1204 1566 exis-

64 1587 313 1631 timationem,
331 1599 412 1623 esse
427 1587 661 1636 aptissimum
677 1587 920 1624 existimavit.
965 1587 1078 1633 Item,
1097 1601 1207 1638 prae-

64 1647 209 1686 toribus
230 1647 466 1697 tribunisque
499 1648 618 1697 plebis
638 1648 857 1697 rogationes
876 1647 925 1684 ad
944 1650 1127 1698 populum
1149 1650 1203 1687 fe-

63 1707 248 1753 rentibus,
277 1709 492 1753 nonnullos,
513 1709 678 1745 ambitsss
695 1708 877 1759 Pompeia
896 1708 982 1758 lege
1003 1709 1204 1748 damnatos

60 1767 134 1804 illis
163 1768 412 1817 temporibus,
443 1769 580 1819 quibus
610 1769 648 1805 in
680 1769 773 1806 urbe
806 1769 994 1820 praesidia
1012 1770 1206 1819 legionum

67 1827 278 1878 Pompeius
297 1828 494 1874 habuerat,
528 1829 646 1880 (quae
668 1830 828 1879 judicia,
853 1830 938 1878 aliis
966 1831 1209 1870 audientibus

60 1889 273 1938 judicibus,
301 1889 383 1926 aliis
401 1890 629 1928 sententiam
648 1891 872 1936 ferentibus,
897 1891 1056 1940 singulis
1076 1893 1210 1931 diebus

67 1956 181 1985 erant
209 1949 400 2001 perfecta)
426 1951 462 1986 in
482 1951 671 2001 integrum
700 1952 891 1996 restitum
917 1951 980 2003 qui
1000 1964 1040 1989 se
1061 1953 1114 1990 illi
1141 1954 1210 1992 ini-

65 2010 120 2047 tio
156 2010 274 2046 civilis
302 2011 390 2047 belli
411 2012 641 2057 obtulerant,
668 2013 698 2049 si
733 2026 802 2050 sua
827 2027 943 2064 opera
962 2015 997 2051 in
1018 2015 1120 2052 bello
1154 2015 1210 2053 uti

67 2071 196 2116 vellet,
229 2071 390 2121 proinde
409 2073 627 2119 aestimans,
659 2086 703 2110 ac
723 2075 754 2110 si
775 2087 864 2111 usus
885 2083 1000 2120 esset,
1031 2076 1209 2126 quoniam

69 2133 127 2170 sui
157 2133 337 2171 fecissent
363 2142 616 2184 potestatem:
653 2143 839 2173 statuerat
866 2136 982 2182 enim,
1011 2136 1079 2173 hos
1109 2137 1211 2186 prius

61 2193 210 2245 judicio
228 2194 359 2245 populi
380 2195 521 2234 debere
541 2196 702 2243 restitui,
729 2210 841 2247 quam
861 2210 931 2235 suo
950 2197 1137 2234 beneficio
1158 2197 1219 2247 Vi&
