1472 2664
542 278 708 316 LIBER
760 278 834 316 ΙΙΙ.
1208 285 1257 321 59

117 381 301 432 litumque
331 379 526 418 deditione
553 381 602 418 ad
635 381 857 431 Corcyram.
911 381 1077 419 Proinde
1106 382 1174 420 sibi
1206 396 1251 421 ac

115 442 347 492 reipublicae
365 449 589 491 parcerent:
618 449 800 492 quantum
816 442 852 478 in
873 442 975 479 bello
997 440 1147 480 fortuna
1166 456 1250 493 pos-

113 509 186 546 set,
201 502 278 551 jam
299 501 368 552 ipsi
389 501 639 538 incommodis
660 502 735 538 suis
755 502 843 539 satis
862 510 988 539 essent
1007 502 1249 539 documento.

113 561 205 598 Hoc
237 574 352 598 unum
384 574 467 598 esse
496 569 646 612 tempus
673 562 720 599 de
750 574 845 611 pace
875 562 1025 613 agendi,
1059 563 1146 599 dum
1180 562 1250 599 sibi

114 628 275 672 uterque
313 621 537 667 confideret,
574 628 613 658 et
649 633 758 672 pares
795 622 906 658 ambo
942 621 1183 658 viderentur:
1220 622 1250 658 si

109 694 200 718 vero
219 681 328 718 alteri
348 681 517 732 paullum
536 681 650 718 modo
670 681 862 718 tribuisset
885 682 1050 727 fortuna,
1071 695 1145 718 non
1166 695 1248 719 esse

112 755 266 780 usurum
287 742 569 780 conditionibus
588 742 692 792 pacis
711 755 812 786 eum,
833 742 895 792 qui
912 743 1084 792 superior
1102 742 1250 779 videre-

109 810 188 846 tur;
217 815 342 854 neque
362 803 443 839 fore
464 814 585 852 aequa
605 811 711 852 parte
731 809 968 846 contentum,
990 802 1052 852 qui
1068 814 1108 838 se
1125 803 1250 840 omnia

108 863 327 901 habiturum
361 863 582 900 confideret.
637 863 888 900 Conditiones
921 863 1038 912 pacis,
1069 863 1248 912 quoniam

106 930 219 960 antea
239 923 444 960 convenire
463 936 538 959 non
559 922 785 972 potuissent,
822 923 966 959 Romae
986 923 1032 958 ab
1055 931 1188 960 senatu
1208 931 1247 960 et

107 996 130 1020 a
148 983 290 1033 populo
318 983 396 1033 peti
424 983 588 1020 debere:
617 983 761 1019 interea
780 989 818 1019 et
839 982 1070 1032 reipublicae
1089 990 1128 1019 et
1158 983 1246 1033 ipsis

107 1044 260 1094 placere
289 1052 482 1093 oportere,
513 1043 541 1079 si
563 1050 724 1093 uterque
740 1043 775 1079 in
798 1043 981 1080 concione
1001 1043 1126 1079 statim
1144 1045 1246 1092 jurau

107 1104 236 1149 visset,
257 1116 296 1141 se
317 1104 443 1140 triduo
463 1103 637 1154 proximo
659 1103 868 1140 exercitum
890 1103 1155 1140 dimissurum:
1177 1104 1243 1141 de-

104 1164 237 1215 positis
269 1164 396 1210 armis,
432 1163 673 1213 auxiliisque,
705 1163 842 1213 quibus
870 1176 972 1200 nunc
993 1163 1244 1210 confiderent,

105 1225 320 1262 necessario
353 1224 483 1275 populi
511 1231 743 1274 senatusque
758 1223 904 1272 judicio
931 1223 1014 1260 fore
1040 1232 1243 1275 utrumque

105 1291 343 1321 contentum.
400 1284 510 1321 Haec
530 1297 605 1334 quo
620 1283 768 1320 facilius
791 1283 970 1334 Pompeio
987 1284 1136 1334 probari
1157 1297 1243 1335 pos-

103 1351 203 1391 sent,
223 1357 353 1382 omnes
368 1357 454 1382 suas
469 1352 668 1382 terrestres
684 1344 909 1395 urbiumque
923 1345 1052 1395 copias
1070 1345 1242 1382 dimissu-

103 1419 199 1443 rum.

154 1466 224 1504 XI.
278 1466 479 1511 Vibullius,
500 1466 557 1503 his
583 1467 800 1517 expositisa
829 1467 1007 1510 Caesare,
1027 1479 1102 1504 non
1117 1468 1241 1505 minus

101 1528 358 1565 necessarium
390 1540 472 1565 esse
504 1528 747 1572 existimavit,
780 1527 827 1564 de
855 1527 1055 1577 repentino
1074 1529 1239 1566 adventu

103 1589 276 1626 Caesaris
295 1588 522 1639 Pompeium
541 1588 621 1625 fieri
642 1589 859 1633 certiorem,
890 1589 944 1625 uti
963 1589 1012 1625 ad
1031 1588 1067 1625 id
1089 1590 1240 1626 consili-

100 1662 164 1687 um
185 1662 322 1700 capere
340 1657 482 1700 posset,
514 1657 719 1700 antequam
739 1650 786 1687 de
806 1649 993 1686 mandatis
1012 1649 1073 1700 agi
1094 1651 1240 1701 incipe-

99 1718 180 1748 ret:
201 1718 315 1761 atque
330 1710 430 1755 ideo,
450 1710 675 1747 continuato
691 1717 730 1747 et
749 1718 862 1747 nocte
876 1717 915 1746 et
930 1710 992 1746 die
1011 1710 1161 1757 itinere,
1181 1719 1237 1750 at-

98 1782 173 1820 que
202 1769 355 1807 mutatis
383 1770 432 1806 ad
460 1770 694 1806 celeritatem
710 1770 907 1819 jumentis,
939 1770 986 1807 ad
1011 1770 1238 1821 Pompeium

98 1830 310 1876 contendit,
330 1837 372 1867 ut
386 1830 520 1867 adesse
537 1831 738 1868 Caesarem
753 1830 928 1868 omnibus
943 1830 1062 1881 copiis
1078 1833 1237 1871 nuncia-

98 1898 168 1928 ret.
199 1891 403 1942 Pompeius
418 1898 500 1929 erat
518 1903 565 1928 eo
585 1898 756 1941 tempore
776 1891 812 1927 in
834 1891 1054 1935 Candavia;
1086 1893 1236 1945 iterque

98 1964 147 1989 ex
174 1951 405 1989 Macedonia
425 1952 462 1988 in
478 1952 649 1996 hiberna,
673 1951 915 2002 Apolloniam
933 1952 1236 2003 Dyrrhachium-

98 2025 185 2063 que,
213 2013 390 2050 habebat.
410 2012 490 2057 sed,
511 2026 550 2049 rc
571 2025 667 2049 nova
686 2013 944 2063 perturbatus,
974 2014 1179 2063 majoribus
1204 2017 1233 2052 i-

97 2073 282 2111 tineribus
301 2073 546 2124 Apolloniam
573 2081 703 2123 petere
723 2073 864 2123 coepit,
897 2086 945 2110 ne
977 2075 1118 2113 Caesar
1147 2090 1236 2115 orae

98 2134 311 2172 maritimae
331 2135 503 2173 civitates
518 2141 738 2184 occuparet.
778 2137 831 2171 At
845 2134 920 2179 ille,
937 2136 1120 2184 expositis
1140 2138 1236 2174 mili·

98 2193 214 2239 tibus,
233 2194 368 2232 eodem
387 2195 449 2231 die
483 2195 640 2231 Oricum
673 2194 938 2244 proficiscitur.
1003 2196 1089 2237 Quo
1119 2211 1234 2248 quum

98 2255 278 2300 venisset,
310 2254 356 2291 L.
377 2254 608 2305 Torquatus,
629 2255 706 2305 qui,
731 2258 838 2304 jussu
874 2255 1058 2306 Pompeii,
1092 2258 1233 2308 oppido

98 2321 286 2364 praeerat,
321 2315 629 2366 praesidiumque
667 2315 717 2352 ibi
755 2315 1022 2355 Parthinorum
1053 2317 1233 2364 habebat,
