1472 2664
310 268 385 306 DE
414 267 592 306 BELLO
621 268 760 306 HISP.
787 267 964 306 LIBER.
1136 270 1211 307 243

117 372 205 410 XX.
257 372 372 415 Quod
400 371 604 422 Pompeius
623 384 672 408 ex
701 371 872 423 perfugis
902 384 1019 422 quum
1047 370 1210 409 deditio·

64 447 154 472 nem
173 433 302 485 oppidi
320 434 463 471 factam
482 445 565 470 esse
583 433 731 477 scisset,
764 439 890 470 castra
907 431 1024 469 movit
1044 431 1210 469 Ucubim

63 507 210 541 versus,
237 501 276 532 et
296 494 440 532 circum
459 506 505 531 ea
522 493 608 531 loca
627 493 783 531 castella
801 492 1001 543 disposuit,
1032 499 1069 530 et
1089 492 1212 529 muni-

62 555 232 593 tionibus
251 567 292 593 se
320 555 519 592 continere
548 554 689 605 coepit.
742 555 884 592 Caesar
908 554 1039 599 movit,
1066 561 1106 591 et
1123 566 1210 604 pro-

60 616 149 666 pius
168 623 292 654 castra
309 615 440 653 castris
461 615 634 653 contulit.
676 614 824 652 Eodem
839 622 1012 665 tempore
1027 626 1139 651 mane
1158 614 1212 651 lo-

64 677 207 714 ricatus
221 690 320 714 unus
335 690 383 714 ex
404 676 557 726 legione
576 676 781 714 vernacula
795 675 844 714 ad
858 689 926 714 nos
942 675 1160 726 transfugit,
1175 682 1215 711 et

64 737 274 784 nunciavit,
295 737 520 788 Pompeium
539 737 750 788 oppidanos
767 737 994 775 Ucubenses
1008 736 1215 774 convocas-

65 810 121 844 se,
147 798 270 849 iisque
289 798 343 836 ita
357 798 616 849 imperavisse,
636 806 692 844 ut,
711 798 909 849 diligentia
928 797 1111 843 adhibita,
1130 810 1216 847 per-

65 858 276 909 quirerent,
295 859 360 909 qui
379 866 506 896 essent
525 872 677 896 suarum
696 859 876 910 partium,
896 860 1063 909 itemque
1083 858 1216 895 adver-

62 919 250 956 sariorum
266 919 447 957 victoriae
467 919 648 957 fautores.
694 920 785 957 Hoc
803 919 1011 970 praeterito
1028 926 1216 970 tempore,

65 979 106 1016 in
124 980 281 1030 oppido,
311 980 415 1030 quod
433 979 505 1017 fuit
524 988 693 1031 captum,
722 993 851 1018 servus
870 987 928 1018 est
947 980 1159 1030 prehensus
1178 978 1217 1015 in

65 1040 260 1085 cuniculo,
280 1053 392 1090 quem
409 1053 523 1091 supra
537 1040 880 1078 demonstravimus
893 1041 1088 1078 dominum
1100 1041 1215 1090 jugu-

65 1101 176 1139 lasse.
208 1100 246 1138 Is
266 1101 372 1138 vivus
387 1108 444 1139 est
460 1102 694 1139 combustus.
728 1101 912 1151 Idemque
928 1101 1111 1151 temporis
1126 1113 1216 1138 cen-

66 1161 237 1198 turiones
250 1161 398 1200 loricati
419 1173 481 1199 nx
499 1162 548 1198 ad
568 1162 769 1200 Caesarem
790 1161 1079 1211 transfugerunt
1098 1174 1147 1199 ex
1162 1160 1216 1197 le-

67 1221 183 1272 gione
203 1222 421 1268 vernacula,
440 1228 479 1259 et
498 1222 649 1272 equites
669 1222 787 1260 nostri
807 1235 894 1260 cum
914 1221 1217 1259 adversariorum

67 1283 258 1334 equitibus
280 1283 476 1334 congressi
495 1291 597 1329 sunt,
626 1290 666 1320 et
684 1283 803 1320 saucii
823 1283 969 1333 aliquot
991 1282 1219 1319 occiderunt

66 1357 117 1383 ex
145 1344 220 1382 levi
249 1352 453 1382 armatura.
517 1343 576 1381 Ea
604 1351 720 1381 nocte
749 1343 1010 1394 speculatores
1039 1342 1219 1393 prehensi

68 1406 167 1444 servi
189 1419 255 1452 ιιι,
275 1412 315 1442 ct
334 1418 431 1442 unus
450 1417 499 1442 ex
518 1404 670 1456 legione
688 1405 905 1442 vernacula.
946 1403 1053 1441 Servi
1072 1410 1160 1440 sunt
1180 1403 1218 1440 in

69 1480 226 1504 crucem
246 1465 402 1512 sublati,
421 1465 531 1502 militi
550 1465 719 1504 cervices
737 1465 921 1503 abscisae.

119 1528 230 1565 XXI.
284 1526 446 1564 Postero
473 1526 535 1563 die
555 1527 703 1577 equites
733 1539 820 1564 cum
847 1525 921 1564 levi
951 1533 1144 1563 armatura
1166 1538 1218 1563 ex

64 1587 371 1626 adversariorum
403 1587 535 1625 castris
563 1587 613 1624 ad
640 1601 709 1625 nos
738 1587 1038 1637 transfugerunt.
1093 1586 1144 1624 Et
1171 1599 1218 1624 eo

67 1655 241 1699 tempore
260 1648 414 1686 circiter
432 1659 475 1685 xt
504 1649 655 1699 equites
674 1648 723 1686 ad
749 1655 953 1699 aquatores
971 1654 1122 1686 nostros
1149 1661 1217 1686 ex-

66 1716 338 1755 cucurrerunt,
357 1709 562 1747 nonnullos
580 1709 870 1755 interfecerunt,
890 1709 982 1746 item
1000 1708 1094 1746 alios
1113 1708 1219 1746 vivos

66 1770 324 1808 abduxerunt.
367 1769 429 1807 Ex
445 1769 635 1820 equitibus
650 1770 751 1821 capti
769 1777 857 1807 sunt
871 1769 1018 1820 equites
1040 1780 1114 1805 nx.
1155 1768 1218 1805 In-

67 1830 244 1881 sequenti
257 1830 318 1867 die
335 1829 537 1881 Pompeius
549 1831 675 1868 securi
687 1830 875 1881 percussit
886 1829 1060 1867 homines
1072 1841 1218 1875 Lxxw,

70 1891 135 1942 qui
164 1890 391 1928 dicebantur
409 1903 492 1928 esse
510 1891 680 1929 fautores
699 1890 872 1929 Caesaris
896 1889 1079 1927 victoriae
1096 1903 1105 1926 :
1133 1889 1221 1926 reli-

70 1964 167 2001 quos
187 1950 224 1987 in
245 1951 427 2001 oppidum
450 1951 564 2001 jussit
582 1951 738 1997 deduci,
769 1964 819 1989 ex
839 1950 976 2002 quibus
1003 1950 1221 2001 effugerunt

71 2022 168 2056 cxx,
187 2019 227 2048 et
245 2011 293 2048 ad
314 2012 519 2049 Caesarem
537 2019 736 2050 venerunt.

122 2072 252 2110 XXII.
307 2072 396 2110 Hoc
417 2072 624 2122 praeterito
643 2081 830 2124 tempore,
849 2073 914 2124 qui
933 2074 971 2110 in
990 2072 1132 2124 oppido
1163 2074 1220 2109 A·

70 2143 189 2185 tegua
222 2133 518 2171 Bursavolenses
537 2133 639 2184 capti
658 2142 760 2179 sunt,
788 2134 905 2185 legati
934 2134 1099 2185 prosecti
1130 2142 1220 2171 sunt

72 2207 162 2232 cum
181 2194 333 2240 nostris,
365 2193 420 2230 uti
449 2206 529 2231 rem
558 2201 705 2244 gestam
735 2194 1075 2232 Bursavolensibus
1103 2193 1221 2231 refer-

70 2262 177 2299 rent;
205 2255 296 2306 quid
315 2261 514 2305 sperarent
532 2254 580 2292 de
600 2255 672 2293 Cn.
691 2255 890 2306 Pompeio,
910 2269 1025 2306 quum
1045 2255 1219 2292 viderent

70 2315 242 2366 hospites
257 2315 440 2366 jugulari,
472 2322 672 2366 praeterea
689 2315 810 2355 multa
828 2316 975 2355 scelera
993 2316 1040 2354 ab
1060 2315 1104 2353 iis
1123 2315 1221 2360 fieri,
