1472 2664
314 293 387 331 DE
417 289 595 331 BELLO
624 292 762 331 HISP.
790 292 968 330 LIBER.
1138 290 1208 330 ΞΗ

68 401 94 420 “
113 396 162 434 ad
179 396 278 434 hanc
300 396 491 435 fortunam
511 397 745 442 reciderunt,
765 403 807 434 ut
827 396 928 434 cives
949 393 1126 439 Romani,
1156 393 1210 430 in-

65 462 92 480 “
111 457 285 507 digentes
303 458 495 509 praesidii,
515 466 554 496 et
568 465 725 508 propter
740 457 882 508 patriae
897 457 1109 493 luctuosam
1125 467 1211 504 per-

65 522 92 541 “
111 518 252 556 niciem
280 519 465 556 dedamur
484 519 649 556 hostium
671 530 850 555 numero:
882 516 946 566 qui
964 528 1090 565 neque
1110 515 1147 550 in
1167 514 1210 550 il-

63 578 181 615 “lius
207 592 388 630 prospera
406 579 490 617 acie
508 579 669 629 primam
695 578 901 621 fortunam,
930 588 1056 625 neque
1080 574 1118 610 in
1144 574 1210 611 ad-

63 643 90 661 “
109 651 217 676 versa
243 641 451 677 secundam
470 638 704 677 obtinuimus
730 637 952 675 victoriam:
984 635 1062 686 qui,
1090 635 1209 684 legio-

64 703 91 722 “
111 712 201 736 num
223 707 281 737 tot
300 700 464 750 impetus
482 706 754 743 sustentantes,
773 697 970 735 nocturnis
989 696 1212 745 diurnisque

63 763 90 782 “
110 760 287 809 operibus
302 760 514 810 gladiorum
528 760 627 797 ictus
639 760 879 809 telorumque
893 758 1027 795 missus
1047 769 1211 807 exspec-

62 824 88 842 “
108 827 247 867 tantes,
264 821 371 868 victi,
384 828 423 858 et
442 820 585 858 deserti
600 833 622 857 a
636 819 834 869 Pompeio,
855 826 920 856 tua
938 817 1078 854 virtute
1097 830 1212 867 supe-

61 885 88 904 “
107 881 193 926 rati,
214 882 377 919 salutern
398 894 420 918 a
439 888 505 918 tua
524 880 728 918 clementia
745 879 1006 930 deposcimus;
1027 878 1210 928 petimus-

61 944 88 962 “
107 953 195 990 que,
216 949 271 985 ut,
300 940 451 990 qualem
470 949 509 978 te
529 940 707 990 gentibus
726 939 962 990 praestitisti,
991 938 1152 976 similem
1171 938 1209 974 in

60 1005 86 1024 “
106 1001 244 1038 civium
261 1001 456 1038 deditione
474 1001 687 1052 praestes.”
735 1004 761 1022 “
782 999 832 1035 Et
847 1000 1011 1049 qualem,
1031 999 1097 1045 ait,
1116 1012 1210 1049 gen-

59 1065 85 1083 “
104 1060 206 1098 tibus
220 1073 280 1098 me
299 1061 485 1112 praestiti,
500 1060 661 1098 similem
680 1060 718 1096 in
733 1059 872 1097 civium
892 1059 1088 1096 deditione
1102 1072 1209 1109 prae-

61 1125 87 1143 “
107 1122 261 1158 stabo.'’

110 1181 259 1218 XVIII.
304 1182 487 1219 Remissis
506 1181 657 1231 legatis,
676 1194 790 1231 quum
808 1180 855 1216 ad
875 1187 1022 1230 portam
1043 1181 1209 1218 venisset

59 1243 145 1279 Tib.
166 1243 327 1287 Tullius,
355 1250 395 1279 et
415 1255 531 1292 quum
553 1254 639 1278 eum
661 1242 919 1278 introeuntem
950 1241 994 1278 C.
1016 1241 1209 1277 Antonius

61 1303 255 1340 insecutus
274 1316 349 1340 non
370 1310 484 1347 esset,
514 1301 672 1339 revertit
691 1301 739 1338 ad
768 1310 931 1351 portam,
957 1308 996 1338 et
1017 1302 1208 1338 hominem

56 1362 323 1413 apprehendit.
369 1363 484 1404 Quod
499 1362 677 1399 Tiberius
692 1375 808 1412 quum
824 1361 907 1399 fieri
926 1361 1208 1408 animadvertit,

56 1423 167 1460 simul
195 1423 405 1474 pugionem
423 1423 573 1467 eduxit,
603 1430 642 1460 et
661 1435 816 1459 manum
844 1424 927 1472 ejus
950 1423 1096 1460 incidit.
1150 1423 1211 1460 Ita

55 1485 284 1534 refugerunt
302 1484 352 1521 ad
371 1484 589 1521 Caesarem.
653 1483 879 1534 Eodemque
900 1491 1073 1534 tempore
1091 1484 1208 1534 signi-

54 1545 112 1581 fer
130 1545 179 1582 de
199 1545 351 1595 legione
370 1544 491 1594 prima
510 1543 728 1594 transfugit,
753 1552 792 1581 et
811 1544 1019 1589 nunciavit,
1050 1558 1127 1595 quo
1147 1545 1208 1582 die

54 1613 234 1655 equestre
254 1605 440 1656 proelium
460 1605 604 1642 factum
625 1613 740 1650 esset,
759 1618 828 1642 suo
848 1605 957 1656 signo
977 1607 1121 1656 peri'sse
1139 1606 1207 1643 ho-

53 1668 176 1704 mines
195 1679 330 1703 xxxv:
360 1679 486 1716 neque
514 1666 630 1703 licere
651 1666 784 1703 castris
813 1666 887 1704 Cn.
907 1666 1081 1717 Pompeii
1109 1681 1206 1705 nun-

54 1728 160 1772 cim-i,
192 1739 318 1777 neque
339 1726 429 1771 dici,
448 1727 593 1776 perisse
613 1739 856 1776 quemquam.
913 1726 1066 1773 Servus,
1097 1730 1205 1778 cujus

53 1788 231 1825 dominus
252 1788 289 1824 in
311 1787 485 1825 Caesaris
505 1787 639 1824 castris
658 1787 806 1833 fuisset,
827 1801 1063 1838 uxoremque
1083 1796 1121 1826 et
1137 1790 1207 1826 flli-

55 1861 117 1885 um
147 1849 185 1885 in
211 1847 354 1898 oppido
383 1848 604 1897 reliquerat,
639 1847 834 1884 dominum
861 1848 1065 1898 jugulavit,
1097 1857 1136 1886 et
1156 1849 1209 1887 ita

52 1909 150 1946 clam
169 1921 192 1946 a
210 1908 385 1946 Caesaris
403 1908 599 1959 praesidiis
619 1907 657 1944 in
674 1907 847 1959 Pompeii
866 1916 992 1946 castra
1011 1909 1204 1954 discessit;

54 1976 94 2006 et
125 1968 309 2006 indicium
339 1969 479 2019 glande
504 1968 688 2018 scripturn
708 1969 823 2014 misit,
855 1982 924 2019 per
943 1969 1047 2019 quod
1065 1970 1208 2007 certior

52 2030 163 2067 fieret
179 2030 334 2075 Caesar,
355 2042 452 2080 quae
471 2029 510 2066 in
525 2029 667 2080 oppido
682 2029 730 2066 ad
749 2029 1032 2067 defendendum
1050 2043 1204 2081 compa-

51 2098 240 2128 rarentur.
275 2090 336 2128 Ita
349 2090 470 2127 literis
484 2090 670 2140 acceptiS‚
690 2103 805 2140 quum
827 2090 864 2126 In
880 2091 1060 2141 oppidum
1077 2105 1205 2130 rever-

52 2152 201 2197 tissent,
217 2150 282 2202 qui
295 2151 447 2187 mittere
461 2149 640 2200 glandem
660 2150 880 2201 inscriptam
896 2151 1085 2197 solebant,
1106 2152 1205 2189 inse·

53 2211 187 2262 quenti
205 2218 379 2262 tempore
398 2211 476 2248 duo
503 2211 678 2248 Lusitani
696 2211 832 2249 fratres
859 2212 1078 2262 transfugae
1107 2226 1204 2249 nun⁴

52 2272 217 2319 ciarum,
249 2285 362 2323 quam
391 2271 597 2323 Pompeius
617 2274 842 2310 concionem
863 2273 1080 2311 habuisset:
1109 2286 1204 2323 quo-

55 2332 156 2370 niam
175 2333 316 2383 oppido
337 2332 506 2370 subsidio
525 2345 602 2371 non
621 2341 750 2383 posset
769 2334 911 2379 venire,
931 2343 1049 2373 noctu
1068 2347 1117 2372 ex
1136 2334 1202 2372 ada

22 2389 26 2392 ’
129 2392 239 2430 'form
266 2393 319 2430 ΙΙ.
593 2393 636 2430 H
663 2394 688 2432 h
