1472 2664
234 182 306 238 196
666 185 717 221 A.
758 184 936 223 1-11RT11

230 289 319 334 post
337 290 487 334 tergum
502 283 766 332 circumventi,
787 287 1011 338 fortiterque
1027 288 1259 333 resistentes,
1279 300 1370 326 con-

237 344 419 382 ciduntur
438 345 615 383 universi.
653 347 768 389 Quod
787 349 1034 398 ubilegiones
1055 347 1257 398 Scipionis,
1276 361 1373 398 quae

234 418 305 455 pro
325 406 457 443 castris
484 414 594 445 erant
626 407 849 453 instructae,
877 409 1238 454 animadverterunt,
1269 416 1373 447 metu

233 478 280 504 ac
299 473 446 504 terrore
466 468 712 514 obcaecatae,
742 469 917 506 omnibus
946 469 1064 519 portis
1084 469 1121 505 in
1154 481 1222 506 sua
1252 476 1376 507 castra

232 525 369 576 fugere
389 536 613 579 coeperunt.
669 528 821 574 Postea,
853 529 1032 579 Scipione
1064 531 1223 580 ejusque
1255 530 1376 580 copiis

234 599 372 637 campo
392 587 628 639 collibusque
648 590 875 634 exturbatis,
903 597 1018 639 atque
1051 589 1088 625 in
1117 597 1241 626 castra
1274 602 1377 627 com-

232 648 366 698 pulsis,
403 661 521 699 quum
554 650 726 700 receptui
757 650 896 688 Caesar
916 650 1200 699 canijussisset‚
1229 650 1374 701 equita-

233 715 393 758 tumque
435 721 586 746 omnem
623 710 724 747 intra
759 722 845 747 suas
881 710 1111 747 munitiones
1155 711 1375 761 recepisset,

233 780 370 818 campo
388 775 567 818 purgato,
600 768 867 806 animadvertit
886 769 1045 806 mirifica
1063 783 1225 820 corpora
1243 770 1374 808 Gallo·

235 841 319 865 rum
339 828 712 880 Germanorumque,
748 830 813 880 qui
846 830 980 880 partim
1010 832 1092 880 ejus
1110 832 1376 869 auctoritatem

233 896 344 926 erant
363 901 413 926 ex
433 889 560 928 Gallia
574 890 711 936 secuti,
732 891 867 942 partim
883 892 1006 941 pretio
1022 891 1377 941 pollicitationibus·

233 963 310 1001 que
344 951 501 989 adducti
521 951 570 989 ad
601 965 687 990 eum
717 965 757 989 se
788 952 1055 996 contulerant;
1083 953 1270 998 nonnulli,
1299 954 1377 1004 qui,

234 1025 285 1049 ex
302 1011 479 1049 Curionis
498 1012 643 1063 proelio
663 1012 765 1063 capti
786 1013 1091 1063 conservatique,
1111 1026 1240 1063 parem
1260 1015 1376 1063 grati·

236 1085 298 1110 am
317 1073 355 1109 in
371 1073 446 1111 fide
466 1073 665 1124 partIenda
677 1081 871 1124 praestare
886 1074 1096 1112 voluerant.
1130 1075 1280 1112 Horum
1295 1088 1378 1113 cor-

233 1148 342 1185 pora,
363 1135 521 1173 mirifica
541 1135 669 1186 specie
685 1135 1027 1186 amplitudincque,
1047 1148 1158 1173 caesa
1177 1143 1258 1173 toto
1277 1149 1378 1174 cam·

233 1209 283 1247 po
304 1209 349 1234 ac
372 1203 564 1247 prostrata
582 1196 730 1234 diverse
744 1197 939 1246 jacebant.

289 1258 396 1295 XLI.
450 1257 524 1295 His
539 1257 652 1295 rebus
671 1257 803 1307 gestis,
822 1265 977 1307 postero
996 1258 1057 1296 die
1074 1259 1215 1296 Caesar
1229 1272 1277 1296 ex
1298 1272 1377 1296 om-

234 1319 346 1356 nibus
376 1318 574 1369 praesidiis
593 1318 773 1356 cohortes
805 1318 954 1364 eduxit,
986 1326 1101 1369 atque
1131 1332 1262 1357 omnes
1292 1333 1378 1358 suas

233 1380 366 1430 copias
384 1379 423 1417 in
443 1392 579 1430 campo
598 1378 800 1416 instruxit:
822 1377 965 1429 Scipio,
983 1380 1060 1418 suis
1075 1381 1172 1418 male
1193 1381 1375 1432 acceptis,

235 1440 389 1485 occisis,
428 1440 801 1490 convulneratisque,
844 1439 944 1477 intra
979 1453 1065 1478 suas
1102 1441 1300 1479 continere
1337 1455 1377 1480 sc

232 1501 466 1539 munitiones
479 1500 619 1552 coepit.
674 1500 828 1546 Caesar,
848 1501 1036 1540 instructa
1048 1502 1145 1547 acie,
1166 1502 1378 1540 secundum

234 1561 384 1599 infimas
399 1562 486 1612 jugi
516 1562 664 1600 radices
700 1562 856 1612 propius
886 1557 1118 1600 munitiones
1149 1563 1286 1601 leniter
1317 1577 1380 1602 ac-

234 1622 362 1660 cessit.
434 1623 599 1673 Jamque
618 1622 743 1660 minus
763 1622 865 1660 mille
884 1636 1062 1673 passuum
1081 1624 1128 1661 ab
1149 1624 1290 1675 oppido
1324 1625 1379 1663 U-

236 1683 325 1729 zita,
354 1683 458 1734 quod
479 1684 608 1734 Scipio
628 1683 797 1730 tenebat,
817 1683 976 1721 aberant
990 1684 1161 1734 legiones
1178 1685 1203 1723 J
1208 1685 1377 1729 ulianae;

234 1757 352 1794 quum
384 1744 527 1794 Scipio,
556 1744 713 1790 veritus,
745 1756 794 1781 ne
826 1744 1008 1794 oppidum
1038 1745 1246 1791 amitteret,
1276 1747 1378 1785 unde

235 1805 382 1855 aquari,
395 1805 627 1856 reliquisque
641 1806 756 1842 rebus
767 1805 968 1851 sublevari,
985 1808 1066 1856 ejus
1081 1807 1274 1844 exercitus
1289 1820 1380 1845 con-

236 1866 381 1911 suerat,
409 1866 559 1903 eductis
590 1865 764 1904 omnibus
784 1866 918 1916 copiis,
945 1867 1183 1917 quadruplici
1213 1868 1295 1905 acie
1323 1869 1379 1906 in-

233 1932 382 1963 structa
399 1939 449 1963 ex
469 1926 645 1964 instituto
664 1939 747 1972 suo,
774 1926 898 1977 prima
915 1927 1084 1977 equestri
1103 1929 1295 1966 turmatim
1322 1930 1378 1967 di-

235 1994 356 2032 recta,
384 1987 675 2038 elephantisque
695 1987 840 2024 turritis
874 1988 1107 2038 interpositis
1136 1990 1379 2041 armatisque,

236 2047 430 2098 suppetias
446 2047 500 2085 ire
515 2048 728 2086 contendit.
782 2049 895 2090 Quod
910 2049 971 2086 ubi
989 2050 1129 2087 Caesar
1144 2050 1378 2089 animadver-

236 2108 299 2154 tit,
318 2108 538 2153 arbitratus,
561 2108 779 2159 Scipionem
799 2109 847 2147 ad
863 2109 1119 2148 dimicandum
1139 2118 1311 2162 paratum
1331 2113 1380 2150 ad

236 2182 278 2206 se
298 2176 404 2206 certo
435 2168 560 2207 animo
578 2169 731 2213 venire;
759 2169 796 2206 in
830 2182 877 2206 eo
896 2170 996 2216 loco,
1025 2183 1100 2221 quo
1133 2171 1260 2221 paullo
1290 2180 1380 2210 ante

239 2230 546 2276 commemoravi,
581 2237 670 2268 ante
690 2229 873 2282 oppidum
894 2231 1079 2277 constitit,
1098 2244 1281 2283 suamque
1303 2233 1379 2270 aci·
