1472 2664
219 248 268 281 58
513 246 586 282 DE
634 246 810 283 BELLO
857 246 1024 284 C1V1L1

221 348 361 392 Quare,
381 348 501 385 missis
516 349 562 386 ad
579 349 776 387 Caesarem
794 349 943 399 legatis,
963 348 1145 386 auxilium
1164 350 1210 387 ab
1227 362 1272 387 eo
1287 363 1353 400 pe·

218 408 371 444 tebant:
393 408 549 459 reliqua,
570 417 612 447 ut
627 417 817 459 poterant,
838 423 905 459 per
919 423 959 446 se
980 409 1222 447 incommoda
1240 410 1351 447 susti--

216 469 382 511 nebautg
411 477 464 514 et,
496 469 611 519 longo
632 470 857 520 interposito
877 470 1011 520 spatio,
1029 483 1145 520 quum
1165 470 1352 507 diuturni-

217 537 274 566 tas
294 530 587 579 oppugnationis
613 529 911 580 negligentiores
945 530 1176 568 Octavianos
1208 530 1354 568 effecis-

216 598 286 631 set,
299 590 399 627 nacti
420 591 658 627 occasionem
681 591 878 628 meridiani
895 592 1089 641 temporis,
1106 592 1274 629 discessu
1288 604 1354 628 eo-

215 664 296 687 rum
318 651 442 700 pneris
463 652 757 701 mulieribusque
779 652 812 688 in
835 665 944 689 muro
961 653 1165 703 dispositis,
1195 665 1241 690 ne
1262 653 1354 703 quid

215 711 457 760 quotidianae
478 712 763 749 consuetudinis
792 713 1084 758 desideraretur,
1118 714 1202 764 ipsi,
1236 726 1350 751 manu

214 771 327 816 facta,
349 785 433 809 cum
456 771 512 817 iis,
543 785 637 821 quos
657 786 777 823 nuper
805 774 1052 812 manumissos
1083 775 1351 821 liberaverant,

213 832 250 868 in
272 833 444 881 proxima
483 833 610 869 *ctavii
639 842 763 870 castra
782 834 1012 884 irruperunt.
1061 835 1133 872 His
1152 847 1349 885 expugna-

214 893 273 937 tis,
294 893 428 929 codem
449 893 593 941 impetu
613 893 732 930 altera
760 902 847 931 sunt
874 894 1012 940 adorti,
1044 895 1132 931 inde.
1153 895 1281 939 tertia,
1311 903 1351 932 et

213 961 361 1003 quarta,
395 960 432 992 et
452 953 634 1003 deinceps
650 953 819 1003 reliqua:
853 954 1102 1004 omnibusque
1129 967 1194 991 eos
1218 954 1351 992 castris

214 1015 468 1063 expulerunt:
484 1022 536 1058 et,
552 1026 690 1063 magno
705 1026 864 1050 numero
878 1014 1097 1059 interfecto,
1113 1014 1279 1064 reliquos
1294 1021 1350 1051 at·

214 1087 288 1124 que
322 1075 443 1124 ipsum
474 1074 676 1111 Octavium
700 1074 736 1109 in
758 1087 871 1110 naves
891 1074 1100 1123 confugere
1127 1077 1351 1124 coegerunt.

210 1134 289 1170 Hic
309 1135 381 1171 fuit
400 1134 694 1185 oppugnationis
731 1134 869 1171 exitus.
933 1135 1096 1185 Jamque
1128 1135 1249 1172 hiems
1281 1147 1348 1185 ap-

209 1195 504 1245 propinquabat,
542 1202 593 1239 et,
623 1195 736 1232 tantis
770 1194 1006 1232 detrimentis
1026 1196 1209 1246 acceptis,
1231 1195 1350 1233 Octa-

209 1255 304 1300 vius,
337 1255 538 1304 desperata
570 1255 854 1305 oppugnatione
887 1255 1031 1305 oppidi,
1063 1255 1350 1306 Dyrrhachium

209 1327 292 1352 sese
307 1315 354 1351 ad
370 1315 591 1364 Pompeium
608 1314 765 1364 recepit.

261 1376 309 1412 X.
364 1375 732 1420 Demonstravimus,
760 1374 806 1411 L.
826 1375 1032 1412 Vibullium
1057 1376 1214 1422 Rufum,
1235 1376 1349 1414 Pom-

210 1437 283 1486 peii
298 1436 548 1486 praefectum,
564 1437 622 1472 bis
634 1436 670 1471 in
688 1443 915 1485 potestatem
929 1437 1144 1486 pervenisse
1161 1437 1348 1482 Caesaris,

209 1505 324 1547 atque
344 1498 391 1533 ab
412 1511 458 1534 eo
474 1509 556 1534 esse
577 1496 785 1542 dimissum,
805 1497 921 1533 semel
942 1497 990 1534 ad
1012 1492 1244 1541 Corfinium,
1278 1497 1348 1535 ite-

209 1571 290 1594 rum
313 1558 347 1594 in
365 1558 563 1608 Hispania.
619 1558 735 1594 Hunc
758 1571 824 1607 pro
844 1557 920 1594 suis
939 1558 1135 1595 beneficiis
1156 1558 1298 1595 Caesar
1317 1559 1346 1594 i-

209 1619 374 1655 doneum
408 1619 661 1667 judicaverat,
699 1632 811 1668 quem
850 1632 937 1656 curn
969 1619 1158 1656 mandatis
1195 1619 1242 1656 ad
1276 1619 1347 1657 Cn.

209 1678 433 1728 Pompeium
454 1679 646 1716 mitteret:
684 1679 926 1729 eundemque
946 1680 1047 1730 apud
1077 1680 1149 1717 Cn.
1170 1680 1347 1729 Pompei-

209 1753 271 1776 um
299 1739 570 1776 auctoritatem
607 1739 747 1776 habere
781 1739 1032 1789 intelligebat.
1096 1740 1190 1778 Erat
1220 1749 1346 1778 autem

207 1800 302 1836 haec
329 1812 475 1837 summa
504 1800 792 1837 mandatorum:
821 1800 960 1837 debere
995 1808 1197 1851 utrumque
1229 1802 1346 1851 perti-

206 1861 338 1898 naciae
370 1861 484 1897 finem
514 1859 655 1905 facere,
688 1868 726 1897 et
763 1860 809 1896 ab
830 1861 943 1897 armis
974 1861 1186 1907 discedere,
1220 1874 1345 1912 neque
1388 1850 1394 1857 ¹

206 1922 366 1972 amplius
395 1920 587 1958 fortunam
609 1920 836 1970 periclitari:
866 1921 955 1958 satis
975 1934 1056 1958 esse
1070 1935 1208 1972 magna
1223 1923 1343 1960 utrin-

206 1996 278 2032 que
300 1982 539 2019 incommoda
552 1988 725 2030 accepta,
746 1993 842 2031 quae
862 1994 930 2031 pro
951 1981 1149 2031 disciplina
1169 1990 1206 2020 et
1235 1995 1345 2033 prae-

204 2043 325 2092 ceptis
345 2042 485 2079 habere
502 2049 670 2092 possent,
693 2048 733 2078 ut
749 2041 913 2091 reliquos
935 2054 1042 2078 casus
1062 2041 1251 2078 timerent.
1294 2041 1345 2078 11-

204 2104 296 2148 lum,
318 2103 427 2139 Italia
446 2103 662 2151 expulsum,
682 2102 818 2139 amissa
835 2101 976 2146 Sicilia,
993 2109 1031 2138 et
1047 2101 1233 2146 Sardinia,
1250 2103 1344 2140 dua-

204 2164 350 2212 busque
381 2163 590 2212 Hispaniis,
617 2170 655 2199 et
676 2162 895 2198 cohortibus
920 2151 960 2198 ‘in
988 2161 1099 2198 Italia
1117 2169 1231 2212 atque
1255 2162 1344 2200 His·-

203 2223 316 2274 pania
343 2222 482 2260 civium
504 2223 764 2259 Romanorum
793 2232 815 2258 c
846 2229 960 2271 atque
993 2234 1098 2257 xxx:
1131 2233 1186 2266 se,
1219 2229 1343 2260 morte

200 2283 395 2331 Curionis,
415 2292 453 2322 et
472 2282 703 2321 detrimento
722 2281 897 2320 Africani
917 2282 1109 2321 exercitus
1128 2289 1250 2330 tanto,
1272 2282 1341 2319 mi-
