1472 2664
262 233 336 268 2⁴26
693 233 742 269 A.
787 233 964 270 HIRTlI

257 333 426 384 gularem
455 332 724 384 integritatem,
756 344 794 374 et
813 338 915 389 quod
942 337 1208 376 dissimillimus
1228 339 1391 390 reliquo-

256 408 338 432 rum
368 395 506 433 ducum
526 395 664 441 fuerat,
694 392 872 448 quodque
904 398 1058 436 Uticam
1084 399 1251 438 mirificis
1271 400 1395 451 operi-

256 456 326 493 bus
345 457 545 502 munierat,
573 465 773 508 turresque
792 466 966 505 auxerat,
993 460 1189 510 sepultura
1215 460 1394 499 afficiunt.

261 519 347 559 Quo
380 517 597 564 interfecto,
625 517 671 555 L.
704 519 860 565 Caesar,
890 527 932 557 ut
962 520 1102 571 aliquid
1123 521 1194 559 sibi
1220 535 1269 559 ex
1290 535 1335 560 ea
1353 535 1394 560 re

256 580 386 617 auxilii
413 588 578 629 pararet,
608 588 818 618 convocato
844 581 1001 632 popule,
1035 582 1220 620 concione
1250 583 1395 630 habita,

255 642 476 680 cohortatur
494 655 640 688 omnes,
660 650 700 680 ut
728 651 860 693 portae
880 643 1138 693 aperirentur:
1172 657 1212 681 se
1241 644 1278 681 in
1299 644 1396 682 Cae-

256 703 347 741 saris
367 704 569 741 clementia
587 716 762 754 magnam
783 716 888 754 spem
907 703 1062 741 habere.
1107 703 1255 755 Itaque,
1275 705 1397 755 portis

255 764 470 815 patefactis,
491 763 607 802 Utica
625 777 812 815 egressus,
833 765 988 802 Caesari
1008 765 1225 816 imperatori
1246 766 1395 803 obviam

256 825 522 877 proficiscitur.
577 824 771 870 Messalla,
805 832 846 862 ut
865 832 946 862 erat
965 825 1205 876 imperatum,
1238 826 1395 865 Uticam

254 887 443 938 pervenit,
463 885 715 936 omnibusque
735 885 854 937 portis
874 885 1066 923 custodias
1085 887 1205 937 ponit.

305 947 528 984 LXXXIX.
583 947 726 984 Caesar
745 946 911 993 interim,
943 959 965 984 a
984 945 1138 998 Thapso
1158 960 1395 999 progressus,

255 1009 439 1048 Uscetam
468 1008 656 1059 pervenit,
684 1008 749 1045 ubi
770 1008 899 1059 Scipio
919 1020 1099 1059 magnum
1126 1007 1308 1047 frumenti
1326 1022 1396 1047 nu-

252 1084 415 1117 merum,
431 1082 636 1115 armorum,
652 1069 830 1114 telorum,
846 1077 1137 1121 ceterarumque
1153 1083 1293 1117 rerum,
1309 1084 1397 1109 cum

253 1145 370 1184 parvo
389 1130 578 1182 praesidio
593 1130 792 1168 habuerat.
825 1129 871 1167 Id
887 1130 1092 1168 adveniens
1104 1130 1271 1182 potiturz
1291 1132 1398 1170 dein·

253 1195 301 1233 de
324 1195 581 1232 Adrumetum
608 1194 794 1244 pervenit.
850 1195 937 1236 Quo
963 1208 1079 1245 quum
1099 1195 1180 1232 sine
1210 1208 1317 1234 mora
1342 1196 1397 1233 in·

253 1257 422 1301 troisset,
442 1256 569 1301 armis,
588 1255 794 1301 frumento,
815 1255 1055 1306 pecuniaque
1075 1255 1329 1302 considerata,
1350 1258 1398 1299 Q.

252 1318 424 1369 Ligario,
445 1318 489 1356 C.
509 1315 692 1355 Considio
711 1316 801 1362 filio,
830 1316 894 1367 qui
915 1324 995 1353 tum
1015 1316 1066 1354 ibi
1084 1316 1250 1363 fuerant,
1279 1317 1394 1355 vitam

254 1379 456 1417 concessit.
511 1377 664 1415 Deinde
695 1377 831 1415 eodem
864 1376 925 1415 die
960 1377 1175 1416 Adrumeto
1205 1390 1396 1428 egressus,

251 1439 428 1478 Livineio
448 1439 601 1489 Regulo
621 1438 672 1474 ibi
693 1451 779 1475 cum
799 1438 951 1488 legione
982 1438 1130 1484 relicto,
1162 1437 1312 1476 Uticam
1343 1439 1396 1478 ire

253 1502 475 1540 contendit:
505 1500 567 1537 cui
587 1500 624 1537 in
645 1499 780 1537 itinere
800 1501 842 1536 fit
861 1500 994 1537 obvius
1015 1499 1060 1536 L.
1077 1499 1232 1546 Caesar,
1253 1507 1291 1538 et
1310 1501 1398 1538 sub-

253 1563 307 1601 ito
323 1577 362 1601 se
376 1563 423 1600 ad
439 1575 566 1613 genua
581 1561 758 1612 projecit,
778 1561 971 1612 vitamque
989 1561 1074 1606 sibi,
1093 1573 1219 1612 neque
1239 1561 1399 1612 amplius

253 1625 474 1676 quidquam,
503 1623 744 1674 deprecatur.
798 1623 870 1660 Cui
891 1622 1033 1659 Caesar
1052 1620 1164 1659 facile
1184 1629 1223 1660 et
1242 1634 1310 1673 pro
1329 1635 1398 1660 sua

253 1696 402 1732 natura,
424 1692 463 1722 et
479 1697 547 1736 pro
567 1683 757 1728 instituto,
778 1683 992 1721 concessit:
1011 1683 1102 1720 item
1125 1683 1330 1729 Caecinae,
1353 1683 1397 1721 C.

252 1747 385 1791 Ateio,
418 1745 460 1782 P.
482 1743 608 1790 Atrio,
641 1743 687 1780 L.
709 1743 853 1790 Cellae,
882 1743 979 1794 patri
999 1751 1037 1781 et
1055 1743 1147 1789 filio,
1177 1743 1234 1780 M.
1257 1743 1398 1795 Eppio,

252 1808 312 1845 M.
345 1805 529 1857 Aquinio,
560 1804 717 1843 Catonis
735 1804 827 1850 filio,
855 1803 1156 1854 Damasippique
1176 1804 1318 1850 liberis,
1346 1817 1397 1842 ex

250 1882 318 1907 sua
338 1866 615 1906 consuetudine
635 1864 784 1908 t1·ibuit;
810 1864 1039 1915 circiterque
1060 1864 1262 1914 [noctem]
1286 1865 1398 1903 lumi-

251 1931 363 1967 nibus
383 1927 556 1966 accensis
571 1926 727 1964 Uticam
747 1925 934 1975 pervenit,
954 1933 1070 1974 atque
1089 1931 1199 1961 extra
1214 1925 1396 1975 oppidum

251 2003 296 2028 ea
316 1998 430 2027 nocte
455 1987 605 2025 mansit.

304 2051 388 2087 XC.
443 2049 604 2086 Postero
631 2046 692 2084 die
711 2057 822 2084 mane
842 2046 880 2083 in
901 2045 1084 2096 oppidum
1103 2046 1271 2085 introiit:
1306 2060 1397 2085 con-

251 2111 439 2160 cioneque
455 2110 654 2153 advocata,
675 2107 881 2145 Uticenses
896 2107 1040 2144 incolas
1056 2107 1292 2154 cohortatus,
1312 2121 1398 2158 gra-

250 2173 321 2210 tias
341 2184 410 2222 pro
436 2183 568 2207 eorum
588 2181 681 2220 erga
699 2181 739 2205 se
765 2167 892 2205 studio
912 2167 1016 2218 agit;
1047 2167 1149 2205 cives
1167 2175 1294 2206 autem
1317 2168 1395 2206 Ro-

248 2243 381 2274 manos
413 2231 686 2281 negotiatores,
715 2236 754 2266 et
773 2241 853 2273 eOS‚
886 2228 951 2279 qui
979 2228 1079 2265 inter
1106 2240 1179 2266 ccc
1211 2229 1394 2280 pecunias

251 2293 493 2333 contulerant
512 2291 615 2329 Varo
631 2298 669 2330 et
691 2289 875 2341 Scipioni,
895 2289 1025 2328 multis
1039 2290 1163 2329 verbis
1181 2297 1396 2337 accusatos,
