1472 2664
533 272 699 311 LIBER
752 272 826 310 111.
1201 275 1247 314 71

161 378 287 416 XXX.
349 376 461 414 Haec
488 376 624 414 eodem
650 375 730 413 sere
759 383 930 426 tempore
965 375 1106 413 Caesar
1136 383 1250 425 atque

110 439 313 490 Pompeius
328 445 579 487 cognoscunt.
625 436 723 473 Nam
741 443 1023 486 praetervectas
1051 437 1249 486 Apolloni-

109 514 169 539 am
184 499 544 551 Dyrrhachiumque
564 510 679 534 naves
705 496 896 539 viderant;
928 496 1000 547 ipsi
1028 497 1100 533 iter
1114 510 1250 534 secun-

110 563 199 600 dum
212 574 274 599 eas
288 568 389 597 terra
405 559 647 596 direxerant:
667 557 747 603 sed,
768 571 844 607 quo
860 565 986 594 essent
1001 570 1069 594 eae
1085 557 1248 603 delatae,

106 623 234 674 primis
252 621 387 659 diebus
406 620 657 670 ignorabant:
696 618 927 668 cognitaque
947 630 988 655 re
1009 618 1158 655 diversa
1176 618 1249 654 sibi

108 684 218 720 ambo
251 681 409 719 consilia
428 679 607 730 capiunt;
649 679 805 723 Caesar,
838 686 880 715 ut
899 678 1179 728 quamprimum
1209 690 1250 714 se

107 755 194 780 cum
215 741 387 779 Antonio
407 742 682 789 conjungeret;
712 738 931 789 Pompeius,
948 745 990 774 ut
1005 737 1244 775 venientibus

105 803 142 840 in
163 802 298 839 itinere
318 815 359 839 se
380 807 606 852 opponeret,
626 807 680 845 et,
699 799 730 836 si
750 799 1011 850 imprudentes
1031 811 1081 836 ex
1101 798 1246 835 insidiis

107 863 247 902 adoriri
267 869 408 914 posset.
446 861 672 911 Eodemque
692 860 754 898 die
774 869 935 910 uterque
951 873 1081 896 corum
1099 873 1147 896 ex
1168 872 1250 897 cas-

106 925 174 962 tris
188 923 333 961 stativis
353 935 375 960 a
392 921 550 959 flumine
569 922 675 970 Apso
688 921 902 958 exercitum
920 921 1090 958 educunt
1108 937 1116 963 ;
1138 921 1250 958 Pom-

109 984 217 1035 peius
237 983 348 1028 clam,
369 990 408 1020 et
427 990 570 1025 noctu;
603 982 745 1019 Caesar
763 981 901 1031 palam,
934 989 1048 1032 atque
1070 981 1249 1019 interdiu.

108 1044 185 1082 Sed
206 1043 360 1082 Caesari
380 1043 542 1081 circuitu
563 1043 705 1091 majore
726 1042 796 1079 iter
816 1050 898 1079 erat
917 1043 1082 1093 longius,
1116 1043 1249 1080 adver-

106 1118 148 1142 so
167 1105 338 1149 flumine,
359 1111 402 1141 ut
420 1103 518 1140 vado
538 1103 698 1141 transire
717 1110 870 1153 posset:
902 1103 1120 1153 Pompeius,
1147 1103 1250 1154 quia,

105 1166 288 1217 expedito
321 1164 472 1209 itinere,
505 1163 646 1200 flumen
678 1163 712 1200 ei
742 1164 1017 1201 transeundum
1048 1178 1124 1201 non
1153 1172 1249 1210 erat,

105 1227 253 1276 magnis
273 1224 472 1262 itineribus
491 1224 540 1261 ad
575 1224 787 1261 Antonium
808 1225 1006 1263 contendit
1023 1242 1032 1268 ς
1061 1233 1190 1276 atque,
1210 1239 1249 1264 e-

108 1300 171 1325 um
191 1287 256 1324 ubi
271 1286 579 1337 appropinquare
594 1285 788 1335 cognovit,
811 1285 991 1323 idoneum
1012 1287 1137 1324 locum
1159 1300 1249 1326 nac·

110 1354 186 1393 tus,
215 1347 266 1384 ibi
286 1346 418 1397 copias
438 1346 653 1391 collocavit,
673 1358 837 1396 suosque
857 1359 989 1384 omnes
1008 1348 1140 1385 castris
1160 1361 1250 1385 con-

106 1407 235 1453 tinuit,
268 1407 452 1458 ignesque
471 1406 554 1444 fieri
583 1406 793 1457 prohibuit,
824 1421 899 1457 quo
933 1407 1124 1445 occultior
1151 1414 1251 1445 esset

106 1469 189 1518 ejus
209 1468 409 1506 adventus.
463 1468 576 1505 Haec
590 1467 639 1505 ad
663 1468 874 1505 Antonium
893 1468 1020 1506 statim
1040 1482 1108 1519 per
1127 1468 1249 1506 Grae-

106 1542 173 1567 cos
191 1528 429 1566 deferuntur.
483 1528 567 1574 Ille,
593 1528 717 1566 missis
731 1529 780 1566 ad
801 1529 1004 1567 Caesarem
1024 1530 1187 1576 nunciis,
1206 1542 1250 1566 u-

105 1601 197 1626 num
217 1589 316 1626 diem
335 1602 419 1627 sese
440 1590 572 1627 castris
593 1590 742 1627 tenuit:
770 1590 891 1627 altero
908 1591 969 1627 die
988 1590 1036 1627 ad
1057 1604 1143 1628 eum
1164 1604 1249 1641 per-

105 1650 212 1688 venit
232 1650 386 1688 Caesar.
436 1651 556 1700 Cujus
575 1651 742 1688 adventu
762 1651 933 1700 cognito,
955 1651 1172 1702 Pompeius,
1201 1664 1249 1687 ne

105 1708 254 1747 duobus
274 1709 642 1747 circumcluderetur
660 1710 910 1756 exercitibus,
930 1724 979 1748 ex
999 1724 1045 1748 eo
1064 1711 1150 1749 loco
1176 1711 1250 1748 dis-

106 1769 233 1808 cedit:
274 1770 529 1821 omnibusque
560 1770 680 1821 copiis
713 1770 761 1808 ad
792 1771 1048 1822 Asparagium
1077 1772 1251 1822 Dyrrha-

108 1830 310 1867 chinorum
323 1832 509 1881 pervenit,
525 1839 640 1882 atque
655 1831 707 1869 ibi
723 1832 862 1870 idoneo
875 1832 960 1869 loco
976 1840 1100 1870 castra
1112 1833 1235 1883 ponit.

163 1890 312 1928 XXXI.
367 1891 442 1929 His
461 1891 697 1942 temporibus
719 1891 863 1942 Scipio,
902 1892 1141 1930 detrimentis
1169 1892 1251 1943 qui-

108 1951 269 1989 busdam
289 1952 393 1990 circa
417 1959 588 1990 montem
615 1954 808 1990 Amanum
827 1953 1011 2003 acceptis,
1029 1966 1111 1991 sese
1132 1954 1251 2004 impe·

109 2019 275 2051 rator-em
294 2013 565 2064 appellaverat.
619 2015 706 2056 Quo
733 2013 851 2061 facto,
884 2015 1101 2052 civitatibus
1119 2022 1251 2066 tyran-

109 2073 244 2124 nisque
262 2087 420 2125 magnas
440 2075 692 2125 imperaverat
717 2075 924 2126 pecunias:
964 2076 1055 2113 item
1088 2088 1110 2112 a
1130 2076 1252 2126 publi-

108 2135 215 2172 canis
243 2147 335 2173 suae
354 2135 573 2185 provinciae
593 2135 763 2173 debitam
781 2136 926 2174 biennii
953 2137 1156 2186 pecuniam
1184 2150 1252 2175 ex-

109 2201 258 2245 egerat,
290 2202 330 2233 et
348 2196 396 2233 ab
417 2195 560 2233 eisdem
591 2196 826 2247 insequentis
845 2197 934 2234 anni
952 2205 1123 2235 mutuam
1143 2210 1252 2248 prae-

109 2263 290 2306 ceperat3
309 2256 536 2307 equitesque
549 2257 621 2294 toti
634 2257 852 2308 provinciae
866 2258 1130 2308 imperaverat.
1159 2259 1252 2301 Qui·

111 2315 184 2354 bus
202 2317 360 2364 coactis,
390 2317 561 2356 finitimis
580 2318 753 2356 hostibus
780 2318 932 2357 Parthis
950 2325 1037 2370 post
1067 2331 1109 2357 se
1138 2319 1253 2358 relic-
