1472 2664
491 294 657 332 LIBER
709 295 782 332 ΙΙΙ.
1153 299 1202 338 97

113 396 293 435 LXXIV.
347 396 434 434 Hac
453 397 583 434 habita
601 397 801 443 concione,
819 397 1023 435 nonnullos
1041 398 1198 448 signife-

62 471 124 496 ros
142 458 350 508 ignominia
367 458 526 503 notavit,
546 471 591 495 ac
611 458 698 496 loco
717 459 847 495 movit.
901 457 1101 496 Exercitui
1117 461 1199 509 qui-

61 520 150 556 dem
169 518 270 555 omni
289 526 416 555 tantus
435 518 590 556 incessit
609 532 660 556 ex
687 519 930 556 incommodo
963 518 1088 563 dolor,
1117 527 1200 556 tan-

62 587 218 630 tumque
247 579 416 616 studium
448 579 626 617 infamiae
655 580 892 625 sarciendae,
925 587 968 616 ut
994 592 1107 616 nemo
1134 588 1200 616 aut

61 640 203 678 tribuni
230 647 295 677 aut
313 640 547 677 centurionis
574 641 774 691 imperium
796 640 1043 685 desideraret,
1072 648 1111 677 et
1130 641 1201 677 sibi

58 700 217 751 quisque
236 701 351 737 etiam
370 713 516 751 poenae
535 701 622 738 loco
648 702 842 751 graviores
861 701 1076 751 imponeret
1093 701 1198 738 labo-

59 772 134 806 res,
161 761 349 811 simulque
368 774 500 799 omnes
527 762 707 799 arderent
736 762 946 813 cupiditate
979 762 1197 813 pugnandi:

57 832 173 872 quum
193 822 398 872 superioris
417 823 531 860 etiam
551 823 692 860 ordinis
714 823 900 868 nonnulli,
920 823 1092 860 oratione
1111 836 1197 873 per-

56 883 163 928 moti,
190 883 423 921 manendum
441 897 488 921 eo
506 884 606 929 loco,
634 892 674 921 et
693 897 771 921 rem
791 883 938 934 proelio
958 884 1198 921 committen-

54 942 160 988 dam,
175 943 451 982 existimarent.
481 945 626 983 Contra
640 957 699 990 ea,
720 945 863 983 Caesar
876 957 1001 995 neque
1020 944 1110 981 satis
1129 945 1199 981 mi-

57 1004 189 1042 litibus
207 1005 420 1054 perterritis
439 1006 670 1051 confidebat‚
697 1007 934 1056 spatiumque
954 1006 1200 1055 interponen-

59 1065 150 1102 dum
170 1065 220 1103 ad
248 1065 478 1103 recreandos
505 1067 650 1104 animos
669 1067 850 1116 putabat;
879 1066 1099 1116 relictisque
1118 1079 1198 1102 mu-

54 1125 266 1164 nitionibus
284 1138 517 1177 magnopere
536 1127 590 1164 rei
608 1127 879 1164 frumentariae
897 1127 1068 1164 timebat.

105 1185 268 1223 LXXV.
320 1187 472 1237 Itaque,
491 1187 594 1224 nulla
608 1187 832 1237 interposita
846 1199 965 1231 mora,
980 1187 1195 1224 sauciorum

50 1246 166 1284 modo
185 1254 225 1284 et
242 1259 444 1297 aegrorum
471 1247 602 1284 habita
620 1248 782 1292 ratione,
815 1247 1088 1296 impedimenta
1116 1260 1195 1284 om-

52 1306 118 1344 nia
134 1306 286 1344 silentio
313 1307 435 1356 prima
454 1314 568 1345 nocte
587 1320 637 1344 ex
662 1307 795 1344 castris
817 1307 1060 1357 Apolloniam
1085 1320 1193 1357 prae-

51 1367 168 1414 misit,
204 1380 250 1405 ac
286 1368 561 1418 conquiescere
588 1375 678 1405 ante
705 1368 778 1405 iter
809 1368 1028 1405 confectum
1059 1369 1193 1406 vetuit.

51 1428 126 1466 His
145 1440 220 1466 una
240 1429 342 1479 legio
361 1429 473 1466 missa
491 1429 682 1479 praesidio
701 1437 772 1466 est.
828 1428 900 1465 His
925 1429 1117 1479 explicitis
1136 1443 1195 1466 re-

49 1490 135 1535 bus,
153 1490 248 1527 duas
263 1491 300 1527 in
317 1490 451 1527 castris
465 1489 636 1540 legiones
651 1489 821 1535 retinuit,
837 1489 1002 1539 reliquas
1017 1490 1065 1527 de
1081 1501 1125 1526 iv
1140 1490 1193 1526 vi-

49 1550 154 1601 gilia,
175 1550 434 1601 compluribus
449 1550 568 1600 portis
583 1550 755 1595 eductas,
775 1549 910 1587 eodem
927 1550 1062 1588 itinere
1083 1562 1191 1600 prae-

51 1611 175 1653 misit;
206 1622 400 1661 parvoque
423 1610 546 1660 spatio
566 1610 796 1656 intermisso,
829 1618 871 1648 ut
889 1619 930 1648 et
948 1610 1110 1647 militare
1136 1610 1194 1647 in·

49 1671 226 1708 stitutum
245 1678 475 1715 servaretur,
503 1677 542 1708 et
562 1683 676 1721 quarn
696 1670 883 1707 serissime
902 1672 985 1720 ejus
1005 1670 1193 1720 profectio

51 1739 365 1782 cognosceretur,
385 1731 616 1769 conclamari
630 1732 759 1780 jussit;
779 1731 984 1781 statimque
1000 1742 1189 1780 egressus,

47 1799 90 1829 et
119 1792 363 1830 novissimum
391 1803 528 1841 agmen
557 1799 800 1835 consecutus,
828 1791 1005 1828 celeriter
1027 1802 1077 1826 ex
1101 1802 1191 1827 con·

50 1860 184 1904 spectu
214 1860 427 1891 castrorum
445 1852 632 1890 discessit.
687 1852 824 1901 Neque
851 1863 943 1888 vero
973 1850 1190 1901 Pompeius,

50 1913 207 1964 cognito
235 1913 393 1951 consilio
419 1915 515 1963 ejuS‚
545 1925 689 1949 moram
710 1912 826 1949 ullam
845 1912 893 1949 ad
912 1912 1191 1962 insequendum

48 1974 199 2012 intulit:
233 1974 317 2020 sed,
345 1975 480 2012 eadem
498 1980 689 2024 spectans,
717 1973 748 2010 si
768 1973 903 2010 itinere
932 1972 1132 2022 impeditos
1151 1980 1189 2009 et

48 2034 273 2085 perterritos
302 2034 590 2085 deprehendere
609 2040 753 2085 posset,
781 2033 995 2071 exereitum
1015 2046 1037 2070 e
1056 2033 1190 2070 castris

50 2093 202 2140 eduxit,
229 2094 519 2144 equitatumque
547 2094 743 2144 praemisit
771 2094 820 2131 ad
847 2093 1092 2131 novissimum
1125 2106 1190 2143 ag-

48 2167 138 2192 men
158 2155 447 2198 demorandum;
469 2167 594 2205 neque
610 2155 794 2206 consequi
813 2155 951 2204 potuit,
971 2153 1073 2204 quod
1093 2153 1189 2190 mul-

46 2219 132 2251 tum
149 2214 332 2266 expedito
348 2214 483 2252 itinere
502 2220 762 2251 antecesserat
778 2209 932 2251 Caesar.
961 2212 1051 2257 Sed,
1072 2224 1189 2261 quum

47 2282 204 2312 ventum
222 2282 324 2312 esset
338 2274 387 2312 ad
404 2275 548 2312 flumen
567 2273 782 2320 Genusum,
801 2273 904 2325 quod
918 2273 1008 2323 ripis
1024 2279 1106 2309 erat
1121 2272 1189 2308 im-

49 2335 204 2386 peditis,
234 2343 467 2374 consecutus
485 2335 678 2386 equitatus
697 2335 933 2378 novissimos,
952 2332 1102 2384 proelio
1122 2332 1189 2370 def-

127 2395 237 2434 ΤοΜ.
263 2396 318 2434 ΙΙ.
633 2395 671 2431 N
