1472 2664
324 270 398 308 DE
426 270 602 308 BELLO
630 272 767 310 HlSP.
795 273 970 310 LIBER.
1142 279 1216 314 255

86 373 276 418 coliorteS,
309 386 406 423 quae
424 373 472 411 ad
492 375 793 424 persequendum
813 375 946 412 missae
965 384 1104 421 essent,
1134 390 1219 427 spe-

85 435 316 472 culatoribus
334 441 422 472 ante
442 434 574 480 missis,
595 435 777 473 certiores
796 435 914 473 fiunt:
942 436 1042 473 diem
1069 444 1108 474 et
1127 451 1217 475 noc-

85 502 162 532 tem
177 494 250 533 iter
267 495 424 533 faciunt.
478 495 679 545 Pompeius
698 496 856 533 humero
875 504 913 533 et
931 496 1080 533 sinistro
1108 510 1218 534 crure

84 556 330 593 vehementer
355 563 438 593 erat.
465 556 629 593 saucius.
681 556 772 593 Huc
802 557 1023 602 accedebat,
1048 564 1089 593 ut
1108 558 1221 594 etiam

82 617 199 653 talum
219 616 452 654 intorsisset:
480 629 576 666 quae
595 629 656 654 res
674 616 837 653 maxime
866 616 1107 666 impediebat.
1160 617 1221 654 Ita

80 676 219 714 lectica
238 689 259 713 a
274 683 393 722 turre,
411 690 488 726 qua
501 683 601 714 esset
617 677 764 721 allatus,
783 676 821 713 in
836 689 882 714 ea
895 676 1101 714 ferebatur.
1137 676 1217 715 Lu-

80 736 224 774 sitanus
243 749 349 774 more
367 737 534 783 militari,
553 750 668 787 quum
688 750 712 775 a
730 737 902 775 Caesaris
920 737 1108 787 praesidio
1128 737 1220 775 suis-

80 804 139 834 set
157 803 401 847 conspectus,
430 797 606 835 celeriter
630 798 803 848 equitatu
832 797 1129 848 cohortibusque
1148 799 1220 836 cir·

81 856 349 894 cumcluditur.
404 856 496 894 Erat
514 869 689 894 accessus
708 857 784 895 loci
811 857 1032 895 difficultas:
1058 870 1145 895 nam
1163 858 1220 895 id-

82 916 198 960 circo,
218 916 320 966 quod
332 923 487 966 propter
504 929 592 953 suos
604 930 626 954 a
638 924 766 954 nostro
778 917 964 967 praesidio
979 917 1112 955 fuisset
1127 931 1219 955 con-

78 983 246 1026 spectus,
266 976 442 1013 celeriter
460 977 645 1014 munitum
664 976 790 1016 locum
805 984 951 1021 natura,
972 991 1084 1028 quem
1103 991 1215 1028 cepe—

78 1043 136 1073 rat
167 1035 237 1072 sibi
266 1035 482 1086 Pompeius,
516 1036 685 1086 quamvis
716 1050 854 1087 magna
879 1038 1122 1076 multitudine
1150 1038 1217 1075 de-

78 1097 185 1134 ducti
215 1096 388 1134 homines
407 1110 456 1134 ex
482 1097 676 1147 superiore
703 1098 788 1135 loco
815 1097 1021 1136 defendere
1047 1107 1216 1149 possent,

77 1157 256 1194 subeunt.
298 1156 345 1192 In
364 1156 530 1194 adventu
549 1158 667 1194 nostri
686 1157 930 1207 depelluntur
948 1158 1053 1195 telis:
1082 1159 1217 1208 quibus

77 1217 314 1262 cedentibus,
333 1217 508 1267 cupidius
526 1217 821 1267 insequebantur
837 1218 1054 1264 adversarii,
1073 1226 1112 1256 et
1125 1231 1219 1256 con-

74 1278 202 1315 festim
221 1277 423 1315 tardabant
441 1278 487 1314 ab
507 1290 677 1316 accessu.
723 1278 812 1316 Hoc
830 1279 979 1329 saepius
996 1278 1112 1325 facto,
1132 1279 1213 1317 ani.-

76 1338 398 1382 madvertebatur,
417 1345 546 1375 nostro
565 1351 704 1388 magno
724 1338 762 1375 id
779 1338 861 1375 fieri
879 1338 1064 1388 periculo.
1110 1338 1217 1390 Ope·

73 1410 115 1436 re
141 1397 438 1436 circummunire
459 1398 632 1443 instituit,
664 1399 745 1448 pari
764 1406 890 1436 autern
908 1406 950 1436 et
968 1399 1084 1436 celeri
1111 1399 1217 1437 festi-

73 1459 228 1496 natione
257 1457 635 1495 circummunitiones
653 1458 691 1494 in
716 1459 813 1508 jugo
831 1458 1014 1508 dirigunt,
1033 1465 1076 1496 ut
1092 1471 1217 1509 aequo

74 1519 174 1570 pede
190 1532 276 1556 cum
290 1518 512 1556 adversariis
529 1519 710 1569 congredi
725 1526 896 1569 possentz
917 1532 938 1556 a
950 1519 1086 1570 quibus
1098 1533 1215 1570 quum

73 1579 375 1617 animadversum
396 1587 509 1624 esset,
528 1578 619 1630 fuga
633 1579 704 1616 sibi
723 1579 952 1629 praesidium
971 1580 1138 1630 capiunt.

126 1639 312 1676 XXXIX.
350 1639 568 1689 Pompeius,
586 1645 626 1676 ut
638 1652 750 1689 supra
762 1639 1118 1686 demonstravimus,
1129 1653 1214 1679 sau-

77 1700 172 1746 cius,
193 1707 233 1738 et
251 1701 391 1738 intorto
407 1700 496 1745 talo,
516 1699 659 1738 idcirco
672 1700 892 1738 tardabatur
904 1701 950 1738 ad
968 1701 1214 1751 fugiendum:

74 1761 258 1811 itemque,
278 1767 432 1810 propter
446 1760 520 1798 loci
537 1760 809 1806 difficultatem,
828 1774 952 1811 neque
971 1775 1071 1811 equo
1089 1774 1215 1812 neque

72 1820 248 1858 vehiculo
275 1820 386 1857 saluti
404 1833 493 1858 suae
515 1821 743 1870 praesidium
761 1834 894 1871 parare
911 1829 1074 1872 poterat.
1118 1823 1214 1860 Cae-

73 1881 141 1918 des
159 1893 181 1918 a
198 1881 336 1918 nostris
363 1880 529 1931 undique
549 1881 896 1927 administrabatur,
916 1882 1073 1920 exclusa
1091 1883 1214 1921 muni-

76 1942 194 1987 tione,
214 1941 434 1991 amissisque
448 1941 610 1978 auxiliis.
651 1941 715 1978 Ad
730 1942 938 1980 convallem
958 1950 1084 1980 autem
1100 1952 1214 1994 atque

75 2013 234 2040 exesum
253 2001 394 2046 locum,
424 2009 465 2038 ut
484 2001 520 2038 in
540 2002 773 2052 speluncam,
803 2002 1007 2052 Pompeius
1025 2016 1064 2040 se
1085 2005 1212 2041 occul-

74 2068 156 2099 tare
185 2061 326 2111 coepit,
359 2069 401 2099 ut
418 2073 442 2098 a
459 2061 596 2098 nostris
621 2074 696 2098 non
718 2061 832 2099 facile
861 2062 1107 2108 inveniretur,
1139 2064 1211 2101 nisi

75 2121 311 2172 captivorum
332 2121 484 2159 indicio.
537 2121 598 2158 Ita
615 2121 666 2158 ibi
680 2122 920 2160 interficitur.
967 2123 1093 2164 Quum
1115 2124 1212 2162 Cae-

72 2194 133 2219 sar
153 2181 325 2220 Gadibus
343 2182 491 2227 fuisset,
513 2182 700 2232 Hispalim
719 2183 840 2233 pridie
858 2183 916 2219 Id.
934 2183 1077 2234 Aprilis
1097 2193 1212 2234 caput

70 2241 240 2287 allatum,
260 2250 299 2279 et
318 2242 462 2292 populo
483 2243 613 2280 datum
632 2249 692 2280 est
710 2243 748 2279 in
768 2251 1029 2293 conspectum.

127 2301 212 2340 XL.
257 2302 468 2341 Interfecto
489 2303 559 2342 Cn.
580 2303 762 2355 Pompeio
781 2304 1040 2351 adolescente,
1060 2305 1217 2352 Didius,
