1472 2664
237 192 289 228 22
545 190 620 227 DE
659 190 838 228 BELLO
878 191 1044 229 CIVILI

231 292 443 342 pertinacia
461 300 576 343 atque
596 294 814 344 arrogantia
831 295 1009 332 accidere
1030 293 1165 340 soleat,
1185 294 1242 332 uti
1256 307 1301 333 eo
1315 308 1375 333 re-

230 360 398 398 currant,
432 360 472 390 et
490 353 529 390 id
559 354 805 404 cupidissime
823 360 970 406 petant,
1004 355 1106 406 quod
1139 355 1267 405 paullo
1286 363 1376 393 ante

230 414 527 451 contemserint:
556 428 680 466 neque
700 428 803 453 nunc
822 429 862 454 se
880 416 1030 453 illorum
1050 416 1278 462 humilitate,
1307 430 1373 454 ne-

228 487 303 524 que
323 475 448 525 aliqua
466 476 648 525 temporis
669 476 970 527 opportunitate,
1000 477 1209 527 postulare,
1241 478 1377 527 quibus

233 536 347 573 rebus
367 549 458 586 opes
488 544 701 586 augeantur
720 550 810 574 suae
828 553 837 581 ;
871 538 938 575 sed
958 550 1022 575 eos
1043 538 1250 583 exercitus,
1283 551 1378 588 quos

228 604 363 633 contra
391 609 432 634 se
464 597 604 634 multos
632 600 711 647 jam
742 611 862 636 annos
881 599 1060 645 aluerint,
1090 599 1187 637 velle
1214 598 1353 635 dimitti
1369 611 1378 634 ε

227 670 354 708 neque
385 659 485 695 enim
507 671 548 695 vi
571 659 742 709 legiones
761 659 834 696 alia
853 659 901 696 de
921 672 1054 697 caussa
1073 659 1204 696 missas
1225 659 1264 695 in
1288 657 1380 696 His-

226 719 391 768 paniam,
411 720 688 770 septimamque
708 720 759 757 ibi
775 720 1044 770 conscriptam,
1064 732 1193 770 neque
1214 726 1275 757 tot
1293 712 1377 757 tan·

227 787 362 830 tasque
382 780 522 818 classes
540 788 703 831 paratas,
723 793 848 831 neque
868 782 1073 817 submissos
1092 781 1210 818 duces
1229 781 1283 818 rei
1304 781 1375 818 mi-

226 839 346 877 litaris
364 840 520 890 peritos.
575 841 680 878 Nihil
709 842 845 879 horum
865 841 913 878 ad
933 842 1124 891 pacandas
1155 841 1378 892 Hispanias,

226 900 320 936 nihil
336 901 384 937 ad
403 914 512 938 usum
532 901 752 952 provinciae
770 902 976 953 provisum,
996 914 1095 952 quae
1115 910 1272 952 propter
1295 902 1378 939 diu-

228 960 451 998 turnitatem
481 963 586 1012 pacis
609 962 754 999 nullum
781 962 966 999 auxilium
987 961 1225 998 desiderarit.
1281 960 1375 997 Om-

226 1021 290 1057 nia
307 1022 403 1059 haec
419 1023 647 1073 jampridem
663 1031 798 1060 contra
816 1036 856 1060 se
876 1023 997 1073 parari
1012 1036 1021 1058 :
1041 1022 1078 1058 in
1098 1034 1138 1058 se
1154 1021 1243 1058 novi
1257 1033 1375 1072 gene-

229 1080 277 1117 ris
297 1081 455 1131 imperia
474 1082 669 1127 constitui,
692 1090 732 1119 ut
752 1082 852 1119 idem
872 1083 921 1119 ad
940 1089 1070 1133 portas
1090 1082 1243 1119 urbanis
1263 1094 1372 1132 prae-

232 1141 328 1178 sidia
348 1142 474 1188 rebus,
495 1150 533 1180 et
553 1143 647 1180 duas
664 1142 971 1180 bellicosissimas
990 1142 1206 1193 provincias
1226 1142 1377 1187 absens,

229 1209 288 1239 tot
308 1215 427 1240 annos
448 1204 620 1241 obtineat
637 1218 646 1239 ε
674 1204 712 1240 in
733 1216 773 1240 se
788 1207 875 1253 jura
892 1204 1184 1254 magistratuum
1204 1215 1376 1240 commu-

226 1263 312 1309 tari,
339 1277 387 1300 ne
407 1277 455 1301 ex
476 1272 655 1314 praetura
673 1272 712 1302 et
732 1265 946 1310 consulatu,
974 1272 1016 1301 ut
1035 1276 1200 1314 semper,
1220 1263 1287 1300 sed
1306 1275 1376 1314 per

225 1336 368 1373 paucos
386 1325 536 1374 probati
555 1332 593 1362 et
613 1325 740 1369 electi,
773 1325 810 1361 in
831 1325 1046 1374 provincias
1079 1325 1280 1361 mittantur
1298 1337 1307 1360 ε
1337 1324 1376 1360 in

226 1396 267 1420 se
288 1385 423 1421 aetatis
442 1385 733 1422 excusationem
753 1385 846 1422 nihil
865 1385 1005 1430 valere,
1037 1384 1141 1435 quod
1167 1383 1372 1434 superiori-

227 1445 299 1482 bus
317 1445 426 1482 bellis
446 1446 595 1496 probati
611 1446 658 1482 ad
679 1446 908 1483 obtinendos
928 1445 1122 1483 exercitus
1142 1452 1351 1483 evocentur
1364 1458 1378 1481 ;

226 1507 264 1542 in
284 1518 323 1542 se
345 1519 420 1542 uno
440 1520 516 1542 non
536 1507 691 1552 servari,
722 1507 826 1557 quod
845 1507 892 1543 sit
912 1507 1086 1544 omnibus
1113 1506 1242 1543 datum
1272 1517 1370 1542 sem-

225 1578 293 1616 per
314 1566 617 1614 imperatoribus,
638 1574 694 1612 ut,
722 1568 836 1604 rebus
854 1567 1017 1605 feliciter
1035 1566 1168 1616 gestis,
1200 1572 1265 1603 aut
1285 1578 1373 1603 cum

226 1627 372 1662 honore
392 1627 531 1677 aliquo,
561 1635 626 1664 aut
646 1635 752 1664 certe
780 1628 861 1664 sine
882 1627 1102 1677 ignominia,
1135 1627 1292 1664 domurn
1314 1640 1374 1664 re-

226 1694 436 1732 vertantur,
464 1688 756 1738 exercitumquc
776 1688 981 1725 dimittant.
1018 1689 1126 1730 Quae
1146 1694 1274 1724 tamen
1294 1700 1375 1725 om-

228 1749 290 1785 nia
321 1755 359 1784 et
379 1761 418 1785 se
453 1750 585 1786 tulisse
618 1750 808 1799 patienter
839 1756 878 1786 et
905 1762 988 1786 esse
1019 1749 1183 1786 laturum
1201 1762 1210 1784 :
1248 1761 1374 1798 neque

224 1821 328 1846 nunc
350 1810 387 1845 id
407 1823 533 1858 agere,
559 1817 598 1846 ut
618 1810 664 1846 ab
685 1809 756 1845 illis
777 1810 985 1847 abductum
1005 1810 1219 1847 exercitum
1240 1816 1371 1847 teneat

224 1870 319 1919 ipse,
353 1870 456 1919 quod
476 1878 602 1906 tamen
623 1870 693 1906 sibi
713 1869 864 1906 difficile
885 1883 961 1906 non
981 1870 1050 1913 sit3
1078 1870 1146 1907 sed
1165 1882 1213 1906 ne
1234 1869 1287 1906 illi
1307 1870 1375 1906 ha-

226 1931 356 1976 beant,
390 1944 465 1980 quo
486 1939 620 1968 contra
646 1944 687 1968 se
716 1931 768 1968 uti
798 1931 956 1980 possint.
996 1930 1170 1980 proinde,
1204 1938 1244 1967 ut
1271 1937 1374 1968 esset

225 1991 385 2037 dictum,
417 1991 622 2040 provinciis
649 1992 899 2037 excederent,
932 1991 1223 2040 exercitumque
1244 1991 1372 2028 dimit-

227 2060 355 2088 terent
372 2066 380 2088 :
413 2052 442 2087 si
464 2051 501 2088 id
521 2053 568 2089 sit
588 2052 746 2097 factum,
780 2053 997 2089 nociturum
1017 2065 1058 2088 se
1078 2051 1244 2088 nemini:
1272 2051 1372 2088 hanc

227 2125 338 2148 unam
360 2120 473 2162 atque
493 2119 704 2149 extremam
727 2113 830 2162 pacis
850 2125 933 2149 esse
953 2112 1225 2150 conditionem.

275 2172 497 2208 LXXXVI.
551 2172 597 2209 ld
617 2186 706 2209 vcro
727 2173 908 2210 militibus
927 2172 999 2209 suit
1020 2179 1240 2223 pergratum
1256 2179 1293 2210 ct
1309 2173 1372 2222 ju-

226 2232 407 2280 cundum,
428 2239 470 2269 ut
489 2245 536 2270 ex
558 2232 639 2283 ipsa
655 2232 933 2284 significatione
952 2233 1078 2284 potuit
1093 2233 1295 2284 cognosci;
1316 2240 1373 2279 ut,
