1472 2664
259 269 332 306 DE
360 268 538 306 BELLO
568 269 744 308 AFRIC.
771 269 947 306 LIBER.
1105 273 1174 309 191

48 370 242 408 victoriam
273 372 463 422 propriam
482 385 522 409 se
549 372 604 409 eis
621 372 726 409 brevi
756 372 931 410 daturum
962 372 1177 422 pollicetur.

46 431 186 469 Caesar
214 432 326 482 jubet
351 432 488 471 milites
516 446 645 470 rursus
664 433 712 470 ad
741 446 836 483 opus
863 432 1001 477 redire,
1035 441 1086 477 et,
1113 447 1181 483 per

47 504 215 529 caussam
234 492 498 539 munitionum,
518 495 660 531 tirones
679 495 716 530 in
732 494 861 531 labore
881 493 1088 542 defatigare
1102 507 1180 530 non

45 551 275 590 intermittit.
328 553 486 591 Interim
507 553 695 591 Numidae
711 553 865 591 Gaetuli
884 553 1067 603 diffugere
1087 567 1181 604 quo-

46 611 139 649 tidie
153 625 201 649 ex
224 613 357 650 castris
375 613 574 664 Scipionis,
596 622 634 651 et
652 614 788 664 partim
807 614 844 650 in
862 626 1019 663 regnum
1035 626 1075 650 se
1090 627 1182 650 con-

43 671 157 718 ferre,
185 674 337 723 partim,
368 675 469 724 quod
488 675 558 725 ipsi
577 676 815 724 majoresque
843 687 972 711 eorum
992 674 1181 712 beneficio

47 733 91 770 C.
110 733 226 771 Marii
247 734 302 771 usi
329 734 501 780 fuissent,
522 735 802 785 Caesaremque
822 736 903 784 ejus
924 734 1072 771 affinem
1100 748 1182 772 esse

45 793 264 840 audiebant,
282 795 322 832 in
336 796 417 844 ejus
432 802 556 832 castra
574 795 776 845 perfugere
797 796 1018 832 catervatim
1035 809 1112 832 non
1127 796 1184 832 in-

43 854 273 892 termittunt.
311 856 483 898 Quorum
503 868 552 892 ex
572 869 732 892 numero
751 855 883 893 electis
902 856 1118 893 hominibus
1138 857 1182 893 il-

43 914 296 962 lustrioribus,
332 916 520 962 Gaetulis,
550 923 589 953 et
615 916 734 953 literis
754 915 801 953 ad
828 928 916 953 suos
942 917 1043 953 cives
1072 916 1183 962 datis,

46 975 284 1023 cohortatus,
304 977 374 1022 uti,
393 989 507 1014 manu
532 976 646 1022 facta,
666 989 706 1014 se
734 987 896 1026 suosque
916 976 1182 1023 defenderent,

43 1043 83 1074 et
109 1050 158 1075 ne
183 1036 259 1075 suis
287 1037 448 1074 inimicis
468 1037 764 1087 adversariisque
785 1037 888 1074 dicto
908 1037 1107 1075 audientes
1126 1050 1184 1074 es-

46 1104 146 1144 sent,
175 1097 302 1136 mittit.

97 1158 287 1196 XXXIII.
338 1159 443 1197 Dum
461 1160 557 1197 haec
576 1160 624 1197 ad
640 1159 848 1210 Ruspinam
868 1159 978 1205 fiunt,
997 1159 1114 1209 legati
1134 1173 1183 1197 ex

46 1219 214 1265 Achilla,
244 1219 398 1257 civitate
417 1220 550 1265 libera,
580 1220 694 1257 etiam
719 1220 886 1270 undique
905 1220 953 1256 ad
981 1220 1184 1258 Caesarem

44 1280 202 1318 veniunt
218 1295 227 1324 ;
253 1293 371 1331 seque
401 1287 566 1331 paratos,
598 1293 848 1331 quaecunque
878 1280 1113 1330 imperasset,
1146 1289 1184 1319 et

44 1340 179 1378 libenti
198 1341 324 1379 animo
349 1340 518 1379 facturos
549 1341 801 1391 pollicentur:
835 1348 981 1378 tantum
1011 1353 1118 1378 orare
1147 1348 1186 1378 et

45 1407 178 1453 petere
197 1402 244 1438 ab
264 1414 325 1447 eo,
354 1409 397 1438 ut
415 1401 485 1438 sibi
504 1401 733 1452 praesidium
753 1401 877 1446 daret,
898 1414 973 1451 quo
994 1402 1113 1438 tutius
1132 1401 1185 1448 id,

44 1469 86 1500 et
104 1461 185 1500 sine
203 1462 389 1513 periculo,
408 1461 535 1499 facere
555 1470 734 1512 possent:
761 1475 801 1499 se
821 1469 859 1499 et
878 1461 1125 1507 frumentum,
1145 1470 1186 1499 et

48 1535 298 1573 quaecunque
318 1535 378 1560 res
397 1522 450 1559 eis
470 1529 706 1572 suppeteret,
727 1523 936 1560 communis
952 1523 1082 1560 salutis
1100 1535 1186 1573 gra-

46 1583 100 1621 tia
113 1583 474 1620 subministraturos.
538 1583 686 1625 Quibus
714 1584 828 1620 rebus
845 1579 958 1620 facile
978 1596 999 1620 a
1021 1584 1184 1621 Caesare

48 1644 273 1695 impetratis,
302 1644 567 1695 praesidioque
587 1645 690 1690 dato,
722 1645 766 1682 C.
786 1643 985 1689 Messium,
1018 1644 1187 1682 aedilitia

45 1705 220 1744 functum
235 1712 440 1756 potestate,
462 1705 652 1743 Achillam
666 1705 777 1755 jubet
792 1705 994 1756 proficisci.
1039 1705 1186 1748 Quibus

45 1768 160 1805 rebus
180 1767 356 1817 cognitis,
378 1767 580 1804 Considius
599 1766 770 1816 Longus,
790 1766 854 1815 qui
875 1766 1078 1803 Adrumeti
1098 1779 1184 1803 cum

49 1838 82 1864 11
101 1826 316 1877 legionibus
335 1833 374 1863 et
403 1827 593 1877 equitibus
613 1838 689 1863 ncc
709 1833 898 1876 praeerat,
927 1826 1115 1872 celeriter,
1136 1826 1189 1863 ibi

48 1894 156 1939 parte
175 1887 349 1938 praesidii
370 1887 518 1933 relicta,
545 1901 631 1925 cum
652 1899 713 1924 ΗΧ
735 1887 955 1924 cohortibus
974 1887 1023 1924 ad
1055 1886 1188 1924 Achil-

45 1948 120 1985 lam
148 1947 203 1985 ire
223 1947 433 1985 contendit.
487 1947 668 1994 Messius,
697 1948 858 1985 celerius
877 1948 1012 1985 itinere
1032 1947 1188 1984 confec·

46 2016 101 2053 to,
130 2007 234 2058 prior
254 2007 445 2045 Achillam
466 2020 553 2045 cum
573 2008 793 2046 cohortibus
812 2008 998 2058 pervenit.
1052 2007 1187 2046 Consi-

47 2068 132 2106 dius
150 2068 315 2114 interim,
345 2081 461 2118 quum
481 2067 530 2106 ad
549 2069 682 2106 urbem
703 2081 789 2105 cum
811 2068 930 2118 copiis
950 2069 1186 2114 accessisset,

49 2134 89 2166 et
114 2128 443 2166 animadvertisset
470 2129 699 2179 praesidium
719 2129 892 2167 Caesaris
911 2129 962 2166 ibi
981 2141 1077 2174 esse,
1110 2142 1187 2166 non

51 2200 165 2226 ausus
193 2188 405 2239 periculum
432 2202 588 2227 suorum
616 2188 756 2235 facere,
788 2189 893 2227 nulla
911 2201 952 2226 re
984 2197 1093 2239 gesta
1118 2202 1187 2240 pro

52 2248 294 2286 multitudine
315 2248 523 2295 hominum,
543 2262 670 2287 rursus
691 2250 947 2287 Adrumetum
968 2263 1007 2287 se
1027 2249 1186 2300 recipit:

55 2307 207 2358 deinde,
227 2309 356 2360 paucis
376 2317 462 2359 post
490 2309 623 2348 diebus
642 2309 882 2361 equestribus
906 2308 1026 2360 copiis
1045 2309 1092 2347 ab
1112 2308 1186 2346 La·
