1472 2664
232 241 283 277 52
540 237 615 275 DE
652 237 830 276 BELLO
872 237 1041 276 CIVILI

232 340 374 379 stitisse
393 341 696 379 demonstratum
717 348 788 387 est,
817 340 908 392 fuga
927 342 1043 379 totius
1062 340 1256 379 exercitus
1286 351 1376 392 pro.-¹

231 401 295 438 cul
312 402 588 447 animadversa,
616 414 699 439 sese
719 401 930 439 incolumes
958 402 994 438 in
1015 409 1139 439 castra
1157 400 1376 449 conferunt.>

232 460 380 500 Milites
400 462 446 499 ad
469 476 586 499 unum
607 474 739 499 omnes
759 462 1052 499 interficiuntur.
1374 501 1378 504 ,

284 521 433 558 XLIII,
489 522 561 559 His
594 523 708 559 rebus
728 523 905 572 cognitiS‚
934 522 991 558 M.
1025 521 1147 559 Rufus
1180 529 1376 573 quaestor,

233 581 273 619 in
293 582 426 619 castris
446 583 602 620 relictus
622 595 643 619 a
663 583 845 628 Curione,
879 582 1103 620 cohortatur
1122 595 1210 620 suos
1230 595 1277 619 ne
1297 582 1375 618 ani-

231 655 296 680 mo
315 642 508 680 deficiant.
563 643 622 680 Illi
654 636 764 681 orant
783 651 898 694 atque
919 644 1135 688 obsecrant,
1165 650 1207 679 ut
1225 643 1263 679 in
1280 641 1376 678 Sici-

229 704 319 741 liam
340 703 498 740 navibus
527 712 783 753 reportentur.
849 704 1082 741 Pollicetur:
1113 702 1379 753 magistrisque

230 763 394 814 imperat
414 764 579 810 navium,
609 772 651 801 ut
670 764 792 815 primo
811 777 971 815 vespere
990 777 1122 802 omnes
1141 764 1301 813 scaphas
1328 763 1382 809 ad,

231 823 339 861 littus
358 825 535 874 appulsas
555 825 734 863 habeant.
791 825 867 863 Sed
883 825 1011 862 tantus
1026 824 1098 862 fuit
1115 824 1282 862 omnium
1302 831 1380 861 ter-

231 897 310 931 ror,
340 893 381 922 ut
400 885 477 930 alii,
505 886 639 923 adesse
660 886 789 936 copias
808 886 947 931 Jubae,
968 887 1154 932 dicerent,
1182 886 1259 931 alii,
1289 897 1375 921 cum

234 946 453 996 legionibus
481 946 622 983 instare
643 946 800 993 Varum,
825 948 980 997 jamque
1001 960 1041 984 se
1060 947 1255 997 pulverem
1276 945 1380 983 veni-

235 1007 382 1044 entium
403 1019 576 1052 cernere,
597 1020 755 1057 quarum
785 1021 912 1045 rerum
933 1008 1025 1044 nihil
1047 1008 1201 1045 omnino
1228 1006 1380 1045 accide-

232 1075 316 1111 rat3
344 1067 422 1113 alii,
443 1067 602 1105 classem
619 1068 784 1106 hostium
802 1069 978 1105 celeriter
993 1068 1268 1112 advolaturam,
1297 1080 1381 1111 sus—‚

232 1129 466 1180 picarentur.
527 1128 676 1180 Itaque,
708 1130 922 1179 perterritis
955 1130 1144 1175 omnibus,
1173 1129 1243 1165 sibi
1277 1129 1380 1179 quis-

233 1204 309 1240 que
341 1191 578 1228 consulebat.
632 1191 708 1231 Qui
728 1190 765 1226 in
790 1190 911 1228 classe
932 1198 1054 1234 erant,
1082 1190 1271 1240 proficisci
1292 1202 1380 1238 pro-

235 1252 434 1302 perabant.
490 1251 641 1288 Horum
662 1251 753 1300 fuga
782 1252 932 1289 navium
955 1252 1211 1288 onerariarum
1243 1252 1381 1299 magis-

233 1319 314 1348 tros
334 1312 542 1349 incitabat:
571 1312 683 1362 pauci
703 1312 897 1349 lenunculi
914 1312 960 1348 ad
977 1311 1140 1348 officium
1162 1311 1380 1360 imperium-

234 1385 308 1422 que
325 1373 620 1410 conveniebant.
642 1372 709 1410 sed
725 1380 829 1410 tanta
843 1380 938 1417 erat,
960 1372 1163 1422 completis
1176 1371 1382 1416 littoribus,

236 1434 448 1479 contentio,
469 1433 533 1483 qui
547 1434 785 1484 potissimum
807 1446 856 1470 ex
870 1446 1009 1483 magno
1023 1446 1182 1470 numero
1198 1444 1383 1481 conscen-

238 1494 389 1540 derent,
418 1501 459 1531 ut
480 1494 723 1532 multitudine
737 1502 851 1544 atque
868 1488 984 1531 onere
1005 1494 1178 1531 nonnulli
1193 1493 1382 1543 deprime-

242 1563 390 1600 rentur,
421 1555 555 1605 reliqui
576 1556 623 1592 ob
640 1555 816 1592 timorem
836 1555 992 1604 propius
1007 1554 1111 1591 adire
1128 1554 1383 1591 tardarentur.

291 1616 435 1652 XLIV.
490 1616 638 1658 Quibus
667 1616 782 1653 rebus
814 1616 969 1661 accidit,
1011 1624 1051 1653 ut
1082 1616 1196 1666 pauci
1228 1615 1381 1661 milites,

235 1684 443 1728 patresque
465 1677 645 1722 familiae,
680 1677 744 1727 qui
775 1685 839 1714 aut
871 1677 993 1726 gratia
1026 1684 1092 1713 aut
1123 1676 1385 1721 misericordia

236 1739 422 1782 valerent,
451 1746 517 1774 aut
537 1750 651 1775 naves
670 1738 812 1775 adnare
831 1746 1003 1788 possent,
1024 1737 1183 1787 recepti,
1205 1737 1242 1773 in
1261 1737 1384 1774 Sicili-

235 1813 297 1838 am
318 1799 528 1836 incolumes
560 1799 817 1849 pervenirent.
874 1799 1061 1848 Reliquae
1089 1799 1238 1848 copiae,
1266 1798 1386 1836 missis

238 1861 286 1898 ad
308 1860 452 1897 Varum
488 1867 619 1905 noctu,
640 1860 854 1910 legatorum
875 1872 1048 1904 numero,
1082 1859 1385 1906 centurionibus,

239 1933 324 1957 sese
344 1921 378 1957 ei
399 1920 642 1958 dediderunt.
697 1922 868 1962 Quorum
887 1920 1064 1957 cohortes
1085 1920 1245 1956 militum
1260 1927 1387 1970 poste-

238 1993 281 2017 ro
302 1980 363 2017 die
391 1988 480 2017 ante
513 1981 709 2031 oppidum,
735 1981 851 2025 Juba,
878 1981 1134 2030 conspicatus,
1160 1993 1265 2017 suam
1304 1992 1387 2017 csse

238 2041 464 2091 praedicans
483 2042 677 2090 praedam,
707 2054 882 2091 magnam
905 2049 1050 2091 partem
1072 2054 1202 2078 eorum
1223 2040 1387 2077 interfici

233 2102 370 2151 jussit:
400 2115 542 2151 paucos
559 2102 704 2139 electos
721 2102 757 2137 in
775 2115 933 2151 regnum
951 2102 1109 2139 remisit.
1164 2102 1290 2142 Quum
1313 2100 1387 2137 Va-

239 2175 302 2199 rus
322 2174 427 2198 suam
453 2162 567 2199 sidem
589 2162 635 2199 ab
657 2175 703 2199 co
720 2162 817 2199 laedi
835 2170 1074 2212 quereretur,
1095 2175 1220 2212 neque
1236 2162 1385 2198 resiste-

240 2235 280 2275 re
301 2223 482 2268 auderct;
504 2223 598 2274 ipse,
614 2236 712 2274 equo
729 2223 766 2259 in
780 2223 961 2273 oppidum
986 2232 1131 2268 vectus,
1152 2235 1386 2275 prosequen-

1460 406 1462 414 r

1459 423 1461 438 l
