1472 2664
244 261 317 297 ‘242
548 257 773 296 INCERTI
804 259 1080 298 AUCTORIS

238 360 487 399 versariorum
502 369 712 412 conspectu
724 375 763 400 se
779 362 1016 400 deducerent
1028 362 1073 401 ad
1091 375 1193 399 mare
1210 375 1355 398 versum
1373 376 1381 396 .·

240 436 357 460 unum
376 423 631 473 respondisse,
664 431 706 461 ut
732 423 859 473 potius
882 423 930 461 ad
950 424 1206 461 dimicandum
1226 424 1384 461 descen-

242 483 390 529 derent,
410 496 522 534 quam
538 483 688 533 signum
704 483 818 534 fugae
837 484 1105 521 ostenderent:
1129 497 1229 528 eum,
1251 483 1313 534 qui
1334 484 1385 520 ita

242 544 391 582 locutus
410 552 524 590 esset,
550 544 780 594 jugulatum.
842 543 989 581 Eodem
1009 552 1181 594 tempore
1200 543 1386 580 tabellarii

241 606 323 654 ejus
353 605 596 655 deprehensi,
621 605 685 655 qui
704 606 753 642 ad
771 604 953 656 oppidum
978 604 1196 649 veniebant,
1226 616 1386 654 quorum

239 665 369 703 literas
389 666 531 703 Caesar
550 666 750 716 oppidanis
770 666 926 716 objecit,
946 673 999 710 et,
1019 665 1082 716 qui
1103 665 1217 702 vitam
1232 665 1302 702 sibi
1322 678 1388 715 pe-

242 734 355 772 teret,
382 726 495 776 jussit
514 734 658 764 turrem
679 727 843 777 ligneam
864 727 1139 777 oppidanorum
1169 726 1388 764 incendere.

240 788 287 825 Id
301 787 331 824 si
346 787 514 833 fecisset,
531 787 564 824 ei
581 800 620 824 se
635 788 807 839 promisit
820 788 947 824 omnia
961 800 1246 825 concessurum.
1274 786 1389 829 Quod

240 847 392 886 difficile
412 855 495 885 erat
523 848 644 893 factu,
674 855 716 885 ut
735 860 817 885 eam
838 855 984 885 turrem
1003 848 1084 885 sine
1114 847 1286 898 periculo
1306 847 1392 898 quis

241 908 478 945 incenderet.
531 908 592 945 Ita
619 911 642 933 ³*
663 911 686 933 ²*
715 908 886 945 facturus
906 908 953 945 de
972 908 1076 958 ligno
1097 921 1212 958 quum
1233 907 1391 959 propius

239 969 477 1015 accessisset,
508 970 555 1006 ab
585 969 787 1020 oppidanis
805 976 864 1006 est
883 969 1046 1007 occisus.
1101 968 1246 1006 Eadem
1274 975 1390 1005 nocte

240 1030 439 1080 transfuga
456 1030 666 1075 nunciavit,
694 1029 923 1080 Pompeium
950 1036 989 1066 et
1014 1028 1229 1066 Labienum
1257 1028 1306 1066 de
1329 1030 1391 1078 ju-

238 1091 434 1142 gulatione
454 1091 731 1142 oppidanorum
752 1090 971 1141 indignatos
990 1103 1086 1127 esse.

292 1151 402 1189 XIX.
459 1151 602 1202 vigilia
629 1150 798 1188 secunda
816 1158 976 1201 propter
995 1151 1278 1189 multitudinem
1298 1150 1394 1189 telo-

240 1226 324 1250 rum
345 1213 458 1250 turris
478 1212 618 1262 lignea,
639 1224 737 1262 quae
758 1219 889 1249 nostra
915 1211 1064 1257 suisset,
1093 1212 1141 1249 ab
1161 1212 1237 1249 imo
1260 1211 1396 1249 vitium

239 1273 345 1319 fecit,
365 1286 485 1324 usque
506 1273 553 1310 ad
574 1272 785 1310 tabulatum
805 1272 1017 1310 secundum
1037 1280 1075 1310 et
1096 1272 1265 1310 tertium.
1320 1271 1396 1309 Eo·

239 1334 328 1371 dem
347 1341 521 1384 tempore
540 1346 608 1383 pro
623 1345 731 1370 muro
749 1340 963 1383 pugnatum
984 1332 1184 1378 acerrime,
1205 1340 1245 1370 et
1261 1333 1396 1370 turrim

240 1401 425 1441 nostram,
458 1400 500 1431 ut
518 1392 770 1444 superiorem,
799 1393 1078 1437 incenderunt;
1106 1393 1265 1439 idcirco,
1293 1393 1397 1444 quod

240 1461 397 1492 ventum
427 1453 609 1505 oppidani
639 1452 850 1491 secundum
879 1453 1109 1491 habuerunt.
1172 1452 1396 1504 Insequenti

239 1517 327 1553 luce
347 1514 632 1553 materfamilias
653 1514 700 1551 de
716 1526 825 1551 muro
845 1525 885 1550 se
906 1514 1062 1563 dejecit,
1081 1522 1121 1551 et
1139 1514 1187 1552 ad
1207 1527 1274 1552 nos
1293 1522 1398 1552 tran-

241 1576 346 1622 siliit,
378 1575 554 1626 dixitque
573 1587 614 1613 se
635 1588 723 1612 cum
752 1574 895 1612 familia
922 1574 1175 1612 constitutum
1205 1575 1399 1621 habuisse,

242 1646 283 1674 ut
303 1649 379 1674 una
408 1636 695 1686 transfugerent
713 1635 761 1673 ad
790 1635 1017 1678 Caesarein3
1045 1635 1146 1672 illam
1176 1647 1400 1686 oppressam

242 1706 281 1735 et
309 1697 538 1749 jugulatam.
602 1696 693 1733 Hoc
725 1702 925 1746 praeterea
954 1703 1128 1746 tempore
1159 1696 1323 1734 tabellae
1350 1697 1397 1734 de

244 1771 353 1796 muro
372 1765 461 1795 sunt
480 1757 670 1806 dejectae,
691 1755 728 1792 in
749 1755 886 1806 quibus
901 1755 1084 1805 scriptum
1101 1762 1158 1792 est
1177 1755 1399 1793 inventum:

243 1824 270 1842 “
289 1818 336 1856 L.
366 1818 555 1856 Minatius
581 1817 760 1855 Caesari:
800 1816 840 1853 Si
859 1816 952 1853 mihi
976 1816 1091 1853 vitam
1119 1816 1278 1863 tribues,
1304 1830 1399 1868 quo·

244 1885 270 1902 ‘⁴
290 1879 392 1917 niam
411 1879 460 1916 ab
480 1878 553 1916 Cn.
572 1877 758 1927 Pompeio
777 1890 860 1914 sum
880 1877 1069 1923 desertus,
1089 1878 1241 1929 qualem
1260 1892 1322 1916 me
1343 1879 1398 1916 ill-i

243 1945 270 1962 “
290 1939 476 1991 praestiti,
497 1938 562 1976 tali
580 1939 724 1976 virtute
743 1945 782 1975 et
802 1939 1020 1976 constantia
1032 1938 1204 1977 futurum
1223 1954 1285 1978 me
1301 1941 1338 1978 in
1359 1948 1398 1979 te

245 2005 271 2022 “
291 1999 540 2050 praestabo.''
594 1998 743 2036 Eodem
772 2005 946 2049 tempore
967 1999 1246 2050 oppidanorum
1265 2001 1400 2052 legati,

243 2061 309 2111 qui
337 2067 452 2097 antea
470 2060 660 2106 exierant,
694 2059 898 2097 Caesarem
924 2059 1116 2106 adierunt,
1143 2061 1174 2098 si
1193 2061 1264 2098 sibi
1283 2062 1402 2100 vitam

245 2121 494 2167 concederet,
523 2133 606 2158 sese
626 2120 843 2170 insequenti
863 2120 924 2157 die
944 2120 1127 2171 oppidum
1147 2134 1230 2160 esse
1249 2123 1401 2161 deditu-

245 2195 320 2220 ros.
376 2182 526 2223 Quibus
554 2181 768 2232 respondit,
787 2193 827 2218 se
855 2181 1060 2219 Caesarem
1080 2195 1175 2229 esse,
1205 2183 1401 2235 fidemque

246 2249 542 2294 praestaturum.
597 2242 655 2280 Ita
674 2249 763 2279 ante
783 2242 885 2280 diem
905 2254 948 2278 XI
970 2242 1137 2281 Kalend.
1168 2243 1302 2282 Martii
1332 2258 1400 2296 op-

244 2303 336 2355 pido
354 2303 511 2355 potitus,
531 2303 746 2354 Imperator
765 2310 823 2342 est
841 2303 1071 2355 appellatus.
