1472 2664
215 271 283 308 1233
644 273 691 308 A.
734 271 912 309 HIRTH

208 373 408 418 affirmans,
445 375 492 411 ad
512 387 599 412 suos
619 374 772 412 dimisit.
827 376 910 421 Ille,
942 383 983 413 ut
1005 388 1051 412 ex
1074 376 1290 414 carceribus
1311 377 1347 414 in

207 434 368 471 liberum
399 447 552 472 cursum
585 437 756 482 emissus,
791 437 886 475 adeo
917 444 1052 474 contra
1079 437 1280 475 Caesarem
1307 450 1347 475 a·

207 495 322 532 criter
334 496 476 533 bellum
492 509 626 546 gerere
642 498 783 548 coepit,
805 505 846 535 ut
860 497 1046 542 lacrimas,
1067 510 1160 548 quas
1176 498 1213 535 in
1229 498 1346 535 collo-

205 557 294 604 quio
314 559 541 608 projecerat,
573 559 714 607 gaudio
735 559 928 597 videretur
945 558 1173 609 profudisse.
1229 559 1347 596 Acci-

204 619 304 656 disse
320 620 392 656 lioc
413 619 630 670 complures
650 621 823 658 Caesaris
842 620 972 670 legati,
999 620 1126 665 amici,
1153 620 1348 658 centurio-

204 693 282 725 nes,
312 680 528 730 militesque
546 680 799 727 laetabantur,
828 682 931 732 quod
961 681 1076 719 nimia
1095 682 1244 719 bonitas
1260 683 1344 732 ejus

204 741 360 778 fallaciis
380 742 485 791 pueri
516 742 620 779 elusa
640 750 765 780 esset:
793 744 898 793 quasi
918 756 1008 780 vero
1027 743 1065 780 id
1094 744 1249 789 Caesar,
1276 744 1345 781 bo-

203 801 322 838 nitate
342 807 488 839 tantum
510 803 712 848 adducam,
747 816 791 841 ac
811 816 887 841 non
906 804 1203 854 prudentissimo
1223 806 1348 843 consi-

200 863 264 908 lio,
283 863 450 900 fecisset.

252 925 379 961 XXV.
432 925 575 969 Quum,
608 924 707 962 duce
739 932 920 971 assumto,
952 925 1207 963 Alexandrini
1226 926 1345 964 nihilo

199 999 238 1022 se
258 986 446 1022 firmiores
465 985 601 1030 factos,
634 993 701 1022 aut
734 985 995 1035 languidiores
1029 986 1238 1034 Romanos,
1267 987 1348 1025 ani-

199 1046 501 1088 madverterent3
543 1045 864 1096 eludentibusque
894 1046 1076 1083 militibus
1109 1046 1210 1096 regis
1242 1054 1346 1084 aeta-

200 1114 290 1152 tem,
318 1113 435 1156 atque
468 1106 738 1152 infirmitatem,
771 1119 950 1157 magnum
984 1107 1155 1145 dolorem
1187 1107 1342 1158 accipe-

198 1176 297 1213 rent,
342 1180 467 1218 neque
495 1180 536 1204 se
556 1167 760 1217 quidquam
781 1167 969 1217 proficere
988 1168 1186 1211 viderent3
1213 1181 1342 1205 rumo-

197 1242 334 1280 resque
353 1229 594 1273 exsisterent,
615 1241 754 1278 magna
774 1228 927 1265 Caesari
946 1228 1148 1279 praesidia,
1168 1228 1341 1266 terrestri

197 1290 347 1336 itinere,
377 1289 488 1341 Syria
503 1288 716 1339 Ciliciaque
734 1289 888 1334 adduci,
913 1289 1039 1340 (quod
1058 1290 1227 1327 nondum
1245 1291 1342 1328 Cae·
1377 1297 1380 1299 ’

196 1351 270 1389 sari
289 1351 462 1389 audit-um
478 1349 582 1401 erat)
603 1356 871 1396 commeatum,
893 1350 957 1401 qui
977 1350 1115 1387 nostris
1138 1350 1232 1388 mari
1251 1363 1341 1400 sup-

196 1413 435 1463 portabatur,
460 1410 690 1461 intercipere
720 1418 948 1448 statuerunt.
994 1411 1130 1461 Itaque
1151 1411 1342 1462 expeditis

194 1473 367 1523 navigiis,
393 1472 488 1510 locis
507 1471 654 1510 idoneis
685 1471 734 1509 ad
753 1472 953 1522 Canopum
973 1472 1011 1509 in
1031 1473 1194 1510 statione
1215 1472 1343 1523 dispo-

194 1533 274 1569 sitis
287 1532 459 1577 navibus,
472 1531 749 1569 insidiabantur
761 1532 899 1569 nostris
912 1532 1203 1571 commeatibus.
1223 1533 1339 1575 Quod

193 1594 258 1630 ubi
278 1593 434 1631 Caesari
453 1592 675 1630 nunciatum
691 1600 762 1637 est,
783 1592 942 1630 classem
958 1592 1071 1642 jubet
1089 1592 1261 1643 expediri
1281 1600 1339 1631 at·

194 1667 268 1704 que
289 1653 436 1691 instrui.
490 1652 669 1690 Praeficit
689 1653 779 1690 huic
795 1652 880 1689 Tib.
896 1652 1104 1689 Neronem.
1166 1652 1343 1690 Proficis-

195 1721 334 1751 cuntur
353 1714 390 1750 in
425 1726 470 1751 ea
489 1713 608 1750 classe
629 1712 805 1750 Rhodiae
829 1725 958 1758 naveS‚
991 1720 1105 1763 atque
1126 1713 1163 1750 in
1185 1712 1243 1751 his
1265 1712 1343 1751 Eu-

193 1775 372 1825 phranor,
400 1774 482 1812 sine
501 1787 576 1824 quo
596 1773 700 1810 nulla
726 1786 893 1823 unquam
922 1773 1118 1810 dimicatio
1138 1774 1340 1820 maritima,

194 1834 297 1873 nulla
316 1836 430 1874 etiam
449 1848 584 1886 parum
603 1834 767 1872 feliciter
787 1833 964 1871 confecta
979 1841 1071 1871 erat.
1126 1834 1182 1871 At
1201 1833 1338 1872 Fortu-

194 1909 255 1943 na,
286 1909 382 1948 quae
401 1897 628 1948 plerumque
648 1908 728 1941 eos,
759 1907 853 1945 quos
874 1894 1046 1945 plurimis
1064 1894 1261 1933 beneficiis
1280 1908 1341 1932 or-

193 1958 310 2002 navit,
339 1957 387 1995 ad
417 1956 610 1995 duriorem
632 1968 760 1994 casum
781 1962 963 2001 reservat,
982 1955 1221 2005 superiorum
1241 1962 1339 1993 tem·

195 2031 330 2067 porum
344 2017 549 2063 dissimilis,
565 2016 854 2067 Euphranorem
870 2015 1186 2066 prosequebatur.
1223 2014 1338 2062 Nam,

193 2091 308 2128 quum
330 2078 378 2115 ad
407 2078 608 2127 Canopum
627 2083 783 2114 ventum
802 2083 918 2122 esset,
937 2076 1201 2127 instructaque
1219 2076 1340 2113 utrin-

190 2151 264 2189 que
285 2138 413 2176 classis
433 2138 682 2184 conflixisset,
719 2144 759 2174 et
777 2149 846 2174 sua
863 2137 1143 2175 consuetudine
1164 2136 1339 2187 Euphra-

192 2213 262 2238 nor
290 2200 433 2251 primus
464 2199 652 2250 proelium
681 2198 946 2244 commisisset,
980 2205 1019 2237 et
1046 2198 1124 2236 illic
1143 2198 1338 2235 triremem

173 2261 357 2311 'hostium
377 2260 611 2312 perforasset
629 2272 675 2297 ac
696 2258 962 2302 demersisset3
979 2258 1192 2309 proximam
1211 2258 1337 2308 longi·

191 2335 234 2360 us
265 2323 476 2369 insecutus,
506 2333 643 2373 parum
663 2319 840 2359 celeriter
858 2318 1146 2371 insequentibus
1164 2318 1335 2372 reliquis,
