1472 2664
236 240 312 276 246
546 235 772 275 INCERTI
802 235 1080 276 AUCTORIS

236 340 343 391 tique
373 339 543 390 planitie.
597 341 706 382 Quae
725 353 786 378 res
804 341 1015 378 secundum
1043 339 1182 378 nostris
1200 339 1384 378 efficiebat

235 400 434 451 proelium.
474 400 655 452 Undique
668 409 795 439 autem
812 401 1036 439 cedentibus
1048 400 1286 447 adversariis,
1300 414 1387 438 nos·

237 461 286 498 tri
301 474 438 512 magna
453 462 489 498 in
506 461 626 499 caede
641 463 912 500 versabantur:
932 462 1069 513 quibus
1084 474 1206 507 mons,
1221 474 1299 498 non
1313 461 1388 497 vir-

235 529 311 568 tus,
331 522 444 560 saluti
464 522 557 559 fuit:
586 535 662 573 quo
681 522 850 560 subsidio
868 529 976 568 tunc,
996 522 1066 560 nisi
1085 523 1385 573 advesperasset,

237 595 259 619 a
284 583 528 633 paucioribus
549 583 685 621 nostris
718 584 898 634 omnique
917 583 1061 620 auxilio
1081 582 1217 633 privati
1249 590 1390 620 essent.

237 642 337 680 Nam
357 644 583 681 ceciderunt
602 657 651 681 ex
672 644 744 682 levi
763 651 956 682 armatura
975 655 1154 681 cccxx1v
1170 657 1179 680 ε
1201 656 1250 681 ex
1269 643 1390 693 legio-

235 704 351 741 nariis
379 715 586 751 cxxxviii,
619 714 886 756 praeterquam
907 718 1067 755 quorum
1090 716 1193 742 arma
1212 711 1251 741 et
1269 703 1391 754 spolia

237 773 327 802 sunt
357 765 483 802 allata.
537 766 598 802 lta
628 766 750 816 pridie
771 778 803 802 11
833 766 1102 803 centurionum
1122 765 1290 802 interitio
1316 764 1389 802 hac

236 826 538 863 adversariorum
563 840 688 877 poena
707 835 765 864 est
783 827 901 864 litata.

289 887 416 924 XXV.
468 887 692 938 Insequenti
712 888 788 932 die,
808 887 889 938 pari
906 887 1185 925 consuetudine
1205 899 1322 938 quum
1341 886 1389 923 ad

237 948 404 985 eundem
423 947 552 986 locum
578 949 661 998 ejus
679 948 911 999 praesidium
937 949 1116 994 venisset,
1145 948 1306 998 pristino
1325 947 1391 983 illo

236 1022 306 1047 suo
327 1010 533 1046 utebantur
559 1008 757 1046 instituto:
785 1022 887 1055 nam,
916 1017 1070 1060 praeter
1090 1009 1253 1060 equites,
1283 1008 1388 1045 nullo

238 1070 326 1107 loco
345 1083 467 1122 aequo
487 1083 526 1107 se
547 1070 787 1108 committere
806 1070 1011 1108 audebant.
1066 1071 1195 1112 Quum
1214 1069 1334 1106 nostri
1354 1069 1392 1106 in

239 1144 357 1182 opere
376 1139 518 1177 essent,
537 1132 707 1182 equitum
725 1132 859 1182 copiae
878 1144 1088 1169 concursus
1107 1131 1237 1168 facere
1256 1143 1394 1181 coepe·

239 1199 349 1229 runt:
385 1192 572 1243 simulque
600 1192 900 1230 vociferantibus
926 1191 1158 1242 legionariis,
1194 1204 1311 1241 quum
1338 1191 1393 1228 lo-

241 1264 330 1289 cum
350 1253 615 1304 efflagitarent,
645 1260 684 1290 ut
704 1253 878 1291 consueti
898 1253 1046 1304 insequi
1066 1253 1286 1290 existimare
1306 1265 1393 1303 pos-

237 1322 337 1359 sent,
365 1327 405 1351 se
436 1315 692 1365 paratissimos
722 1327 805 1351 esse
824 1314 873 1351 ad
893 1314 1164 1359 dimicandum,
1192 1314 1313 1351 nostri
1343 1327 1392 1352 ex

238 1373 372 1410 humili
405 1374 580 1412 convalle
598 1375 698 1412 bene
728 1374 842 1425 longe
861 1383 951 1412 sunt
969 1375 1128 1426 egressi,
1159 1382 1197 1413 et
1230 1375 1389 1425 planitie

241 1434 430 1485 iniquiore
449 1435 536 1473 loco
557 1435 826 1473 constiterunt.
880 1435 941 1472 Illi
961 1444 1088 1474 tamen
1118 1436 1252 1486 procul
1272 1436 1390 1473 dubio

240 1495 290 1532 ad
321 1496 649 1546 congrediendum
681 1495 720 1533 in
739 1508 904 1547 aequum
930 1496 1058 1534 locum
1086 1509 1163 1533 non
1192 1503 1281 1533 sunt
1311 1496 1391 1533 ausi

241 1555 491 1602 descendere,
533 1564 686 1606 praeter
722 1569 854 1602 unum,
895 1553 1105 1594 Antistium
1140 1556 1393 1606 Turpionem,

241 1617 320 1668 qui,
339 1617 461 1654 fidens
479 1617 636 1663 viribus,
663 1629 713 1654 ex
732 1617 956 1654 adversariis
975 1617 1045 1655 sibi
1064 1630 1197 1668 parem
1226 1629 1308 1654 esse
1328 1630 1395 1656 ne-

241 1679 383 1715 minem
402 1678 547 1729 agitare
568 1678 710 1729 coepit.
762 1678 855 1723 Hic,
877 1686 918 1716 ut
945 1677 1066 1716 fertur
1086 1678 1249 1716 Achillis
1268 1677 1394 1716 Mem-

241 1741 427 1790 nonisque
447 1751 689 1789 congressus,
717 1740 766 1781 Q.
786 1739 990 1790 Pompeius
1012 1739 1145 1790 Niger,
1176 1751 1294 1790 eques
1315 1738 1394 1776 Ro-

239 1814 375 1839 manus
407 1800 636 1846 Italicensis,
665 1813 714 1837 ex
745 1801 827 1838 acie
847 1810 976 1838 nostra
994 1801 1042 1837 ad
1063 1800 1394 1851 congrediendum

241 1875 466 1914 progressus
494 1869 564 1898 est.
620 1861 809 1903 Quoniam
828 1861 1008 1898 ferocitas
1038 1861 1196 1898 Antistii
1226 1862 1394 1898 omnium

241 1931 390 1960 mentes
421 1929 664 1960 converterat
689 1922 736 1959 ab
767 1934 882 1972 opere
912 1922 961 1959 ad
990 1922 1256 1972 spectandum,
1284 1921 1388 1967 acies

242 1992 331 2021 sunt
351 1983 580 2034 dispositae:
614 1995 700 2020 nam
721 1982 821 2019 inter
839 1982 1043 2020 bellatores
1062 1982 1256 2033 principes
1275 1982 1392 2019 dubia

243 2053 326 2082 erat
345 2045 468 2095 posita
486 2043 660 2088 victoria,
680 2050 722 2080 ut
742 2056 861 2093 prope
880 2043 1075 2080 videretur
1093 2042 1207 2080 finem
1227 2042 1394 2080 bellandi

244 2106 406 2143 duorum
426 2105 603 2142 dirimere
622 2116 763 2154 pugna.
817 2104 877 2141 lta
895 2103 996 2141 avidi
1016 2103 1220 2154 cupidique
1240 2116 1393 2141 suarum

242 2166 402 2216 quisque
422 2165 601 2215 partium,
630 2168 653 2189 ³*
673 2171 919 2214 expertorum
938 2165 1105 2202 virorum
1123 2164 1392 2214 fautorumque

244 2227 417 2264 voluntas
437 2226 660 2263 habebatur.
714 2226 887 2267 Quorum
907 2225 1048 2262 virtute
1067 2224 1184 2263 alacri
1210 2237 1325 2275 quum
1347 2224 1395 2261 ad

243 2287 501 2326 dim1candum
520 2287 554 2324 in
570 2286 766 2337 planitiem
781 2299 820 2325 se
837 2286 1101 2332 contulissent,
1121 2293 1394 2335 scutorumque
