1472 2664
222 277 290 312 130
649 273 699 309 A.
741 270 919 308 HIRTII

217 387 266 412 cx
279 376 437 414 navibus
450 375 571 425 longis
585 374 621 411 in
635 381 748 425 portu
762 374 1034 423 navalibusque
1047 373 1265 419 amiserant,
1279 386 1357 412 non

215 444 343 474 tamen
371 436 604 486 reparandae
624 435 754 473 classis
774 435 1047 485 cogitationem
1067 435 1351 485 deposuerunt:

215 497 396 534 videbant
429 497 530 533 enim
549 509 625 533 non
646 495 788 532 auxilia
808 495 976 540 Caesari,
1010 508 1085 532 non
1107 502 1358 542 commeatus,

215 557 430 607 supportari
463 568 589 606 posse,
622 556 651 592 si
673 556 792 593 classe
819 555 890 606 ipsi
917 556 1097 592 valerent.
1153 555 1360 594 Praeterea

216 617 359 654 nautici
389 616 575 662 homines,
607 616 709 653 urbis
729 623 767 653 et
788 615 955 666 regionis
974 615 1200 661 maritimae,
1229 616 1354 666 quoti-

214 677 404 727 dianoque
423 688 493 713 usu
513 689 535 713 a
557 676 684 726 pueris
710 676 926 721 exercitati,
955 676 1003 712 ad
1022 675 1194 713 naturale
1213 689 1258 713 ac
1285 676 1353 713 do-

216 737 417 773 mesticum
446 737 590 773 bonum
621 736 796 785 refugere
825 737 1057 786 cupiebant;
1088 744 1141 781 et,
1169 743 1353 786 quantum

215 797 379 846 parvulis
399 797 557 846 navigiis
576 796 841 846 profecissent,
861 798 1089 834 sentiebant.
1129 797 1265 847 ltaque
1281 810 1360 834 om-

215 857 253 893 ni
274 858 400 894 studio
419 858 467 894 ad
486 857 693 908 parandam
713 857 873 895 classem
895 858 1161 896 incubuerunt.

267 917 380 954 X111.
429 916 549 955 Erant
562 919 737 955 omnibus
756 919 861 955 ostiis
878 918 954 955 Nili
971 920 1182 965 custodiae,
1202 919 1361 969 exigen-

215 977 252 1015 di
272 977 428 1028 portorii
449 990 584 1016 caussa
601 978 819 1029 dispositae.
874 979 1002 1016 Naves
1021 988 1170 1017 veteres
1189 987 1299 1017 erant
1320 980 1359 1018 in

216 1039 378 1076 occultis
398 1039 526 1089 regiae
541 1039 749 1085 navalibus,
771 1040 907 1090 quibus
922 1040 1050 1078 multis
1065 1041 1173 1078 annis
1189 1041 1237 1077 ad
1256 1040 1361 1078 navi-

217 1101 385 1151 gandum
405 1113 480 1137 non
493 1108 603 1138 erant
615 1100 686 1139 usi.
719 1100 802 1138 Has
822 1100 1068 1144 reficiebant;
1089 1101 1170 1138 illas
1188 1101 1361 1139 Alexan-

216 1160 336 1198 driam
355 1162 601 1198 revocabant.
656 1160 830 1198 Deerant
849 1161 965 1205 remi;
994 1161 1180 1211 porticus,
1199 1173 1361 1212 gymna-

215 1221 283 1267 sia,
311 1221 487 1260 aedificia
513 1222 681 1272 publica,
714 1222 961 1272 detegebant,
994 1233 1138 1259 asseres
1169 1235 1360 1259 remorum

217 1294 326 1319 usum
347 1282 596 1320 obtinebant:
632 1282 734 1319 aliud
757 1282 938 1320 naturalis
966 1282 1148 1327 sollertia,
1177 1281 1280 1319 aliud
1300 1295 1361 1319 ur-

215 1342 272 1380 bis
293 1343 405 1393 copia
423 1343 747 1381 subministrabat.
801 1343 1002 1381 Postremo
1023 1357 1101 1381 non
1120 1343 1274 1393 longam
1293 1355 1359 1379 na-

216 1403 448 1453 vigationem
468 1405 677 1455 parabant3
705 1405 772 1442 sed
791 1404 1002 1454 praesentis
1023 1404 1205 1455 temporis
1225 1417 1358 1442 neces-

214 1464 317 1501 sitati
336 1464 566 1510 serviebant,
600 1473 639 1501 et
659 1465 695 1500 in
717 1465 798 1514 ipso
816 1472 931 1515 portu
950 1465 1236 1515 confligendum
1255 1464 1359 1505 vide-

217 1528 320 1565 bant.
355 1521 510 1578 'Itaque
529 1528 660 1579 paucis
679 1528 826 1574 diebus,
860 1535 996 1566 contra
1022 1528 1191 1566 omnium
1211 1529 1361 1579 opinio-

215 1601 318 1636 nem,
339 1589 598 1639 quadriremes
613 1600 702 1626 xx11
724 1589 1016 1639 quinqueremes
1034 1602 1060 1626 v
1080 1589 1332 1627 confecerunt
1349 1603 1358 1626 ε

216 1650 265 1686 ad
283 1650 351 1687 lias
365 1650 532 1687 minores
551 1657 778 1701 apertasque
798 1651 1012 1701 complures
1031 1650 1275 1701 adjecerunt;
1307 1659 1361 1698 et,

217 1711 255 1747 in
274 1718 388 1761 portu
408 1711 613 1761 periclitati
633 1711 809 1761 remigio,
829 1711 921 1762 quid
940 1724 1115 1762 quaeque
1135 1725 1265 1750 earum
1281 1712 1358 1749 effi-

172 1779 181 1785 *
215 1784 305 1808 cere
335 1779 478 1821 posset,
508 1771 665 1809 idoneos
695 1772 835 1809 milites
866 1773 1141 1822 imposuerunt,
1173 1785 1290 1824 seque
1311 1774 1361 1811 ad

217 1831 501 1882 confligendum
516 1831 692 1869 omnibus
706 1832 819 1868 rebus
832 1839 1071 1882 paraverunt.
1099 1832 1242 1869 Caesar
1256 1832 1360 1869 Rho-

216 1892 296 1929 dias
315 1905 431 1930 naves
458 1904 501 1929 lx
532 1893 710 1938 habebat,
736 1892 858 1944 (nam,
879 1906 904 1929 x
924 1892 1060 1937 missis,
1094 1905 1169 1930 una
1188 1893 1224 1929 in
1246 1905 1361 1931 cursu

217 1951 345 1989 littore
379 1953 576 2003 Aegyptio
603 1952 822 2003 defecerat)
848 1953 1028 1990 Ponticas
1048 1965 1124 1999 nx,
1154 1953 1295 2004 Lycias
1315 1966 1358 2000 v,

216 2026 265 2049 ex
284 2013 377 2050 Asia
395 2025 471 2050 ΧΠ.
526 2013 587 2050 Ex
603 2013 661 2050 his
680 2020 789 2051 erant
808 2013 1101 2063 quinqueremes
1122 2026 1162 2060 v,
1182 2022 1220 2051 et
1240 2015 1358 2065 quad-

216 2074 371 2112 riremes
390 2088 437 2111 x:
467 2074 635 2125 reliquae
651 2074 748 2111 insra
767 2075 866 2112 hanc
887 2075 1202 2125 magnitudinem,
1222 2083 1262 2113 et
1280 2077 1359 2126 ple-

216 2147 355 2186 raeque
368 2143 536 2186 apertae.
566 2136 726 2182 Tamen,
741 2137 882 2174 virtute
895 2136 1056 2173 militum
1070 2136 1250 2183 confisus,
1267 2150 1359 2187 cog-

215 2196 303 2234 nitis
323 2196 488 2233 hostium
508 2196 639 2247 copiis,
659 2209 699 2235 se
715 2197 763 2234 ad
782 2197 1040 2234 dimicandum
1060 2198 1230 2248 parabat.

266 2256 374 2294 xlv.
412 2256 619 2307 Postquam
636 2270 682 2294 eo
697 2265 853 2295 ventum
874 2265 945 2304 est,
967 2266 1009 2296 ut
1024 2259 1094 2297 sibi
1115 2266 1277 2310 uterque
1292 2272 1357 2298 eo-

217 2331 298 2356 rum
319 2317 551 2362 confideret3
572 2318 712 2356 Cacsar
732 2318 886 2356 Pharon
907 2319 1026 2358 classe
1047 2320 1360 2368 circumvehitur,
