1472 2664
239 259 312 295 150
671 257 721 293 A.
766 255 944 294 HIRTII

228 359 482 410 conscriptae,
510 359 818 409 proficisceretur
838 360 875 396 in
900 359 1109 410 Illyricum,
1136 361 1368 410 conjunctis-

230 434 304 471 que
319 420 439 470 copiis
459 433 545 458 cum
570 422 618 462 Q.
639 421 860 467 Cornificio,
879 422 909 457 si
930 420 1032 471 quod
1052 421 1261 471 periculum
1281 435 1366 472 pro·

228 482 376 519 vinciae
391 481 609 527 inferretur,
629 481 863 532 depelleret:
892 482 948 518 sin
969 494 1015 519 ea
1034 495 1108 519 non
1130 483 1276 532 magnis
1304 495 1369 520 co-

226 543 298 594 piis
317 550 401 580 tuta
420 555 503 580 esse
522 550 664 593 posset,
699 543 734 579 in
758 543 1026 580 Macedoniam
1053 543 1224 593 legiones
1251 543 1370 580 addu-

226 611 357 641 ceret:
386 616 538 640 omnem
559 603 658 641 enim
681 604 778 641 illam
800 612 945 654 partem
966 604 1253 655 regionemque,
1285 604 1370 641 vivo

227 665 297 702 Cn.
312 664 510 714 Pompeio,
531 664 672 701 bellum
690 664 983 702 instauraturam
1004 678 1086 703 esse
1106 665 1301 702 credebat.

277 725 425 762 XLIII.
480 725 682 771 Gabinius,
713 733 755 762 ut
781 726 817 762 in
839 725 1035 777 Illyricum
1064 726 1182 772 venit,
1210 726 1370 763 hiberno

225 794 400 836 tempore
416 786 519 831 anni,
538 799 583 823 ac
599 786 755 831 difficili,
775 786 854 823 sive
869 786 1120 837 copiosiorem
1136 787 1370 838 provinciam

225 847 463 892 existimans,
482 847 560 883 sive
576 847 736 884 multum
747 846 930 884 *fortunae
946 848 1100 885 victoris
1114 847 1290 885 Caesaris
1305 848 1371 884 tri-

224 909 362 954 buens,
381 907 460 945 sive
480 907 621 944 virtute
635 915 673 945 et
692 907 853 945 scientia
872 921 939 945 sua
959 898 1138 954 confis'its,
1158 921 1269 959 quam
1289 922 1371 946 sae-

224 982 273 1020 pe
290 970 326 1005 in
342 969 452 1006 bellis
469 969 721 1020 peri‹:litatuS‚
742 982 899 1019 magnas
915 981 975 1006 res
991 977 1030 1006 et
1045 970 1232 1007 secundas
1252 970 1372 1008 ductu

227 1043 399 1080 ausuque
432 1043 500 1067 suo
519 1036 704 1080 gesserat,
738 1043 861 1080 neque
882 1030 1100 1080 provinciae
1128 1030 1372 1069 facultatibus

225 1091 511 1136 sublevabatur,
532 1103 630 1140 quae
649 1090 785 1140 partim
802 1098 885 1127 erat
904 1089 1113 1135 exinanita,
1134 1090 1269 1140 partim
1290 1091 1372 1128 infi-

224 1152 334 1196 deliS,
367 1164 493 1202 neque
513 1151 685 1195 navibus,
707 1150 914 1187 intercluso
942 1150 1035 1187 mari
1063 1151 1371 1200 tempestatibus,

225 1220 462 1251 commeatus
493 1212 707 1262 supportari
728 1218 901 1261 peterat3
930 1211 1153 1261 magnisque
1173 1211 1373 1250 difficulta-

227 1275 328 1312 tibus
348 1282 519 1319 coactus,
547 1286 636 1318 non,
664 1280 706 1310 ut
724 1272 890 1318 volebat,
922 1273 1004 1318 sed,
1038 1281 1079 1310 ut
1097 1286 1254 1310 necesse
1277 1281 1373 1320 crat,

223 1336 366 1373 bellum
380 1335 539 1385 gerebat
555 1348 564 1370 ε
585 1347 702 1384 quum
716 1333 924 1370 durissimis
939 1335 1244 1384 tempestatibus,
1259 1349 1373 1386 prop-

224 1406 284 1435 ter
304 1396 484 1446 inopiam,
513 1395 670 1432 castella
689 1402 754 1432 aut
787 1395 928 1445 oppida
959 1407 1184 1446 expugnare
1213 1409 1371 1447 cogere—

225 1466 301 1503 tur,
336 1457 470 1494 crebro
500 1455 743 1492 incommoda
779 1454 1015 1505 accipiebat;
1041 1455 1215 1505 adeoque
1253 1464 1312 1493 est
1348 1470 1372 1494 a

223 1518 394 1556 barbaris
414 1524 644 1561 contemtus,
665 1523 721 1561 ut,
744 1515 920 1553 Salonam
941 1528 982 1553 se
1002 1516 1190 1567 recipiens
1210 1517 1247 1553 in
1263 1518 1371 1568 oppi-

224 1580 316 1617 dum
332 1578 576 1623 marifimum,
598 1577 701 1628 quod
717 1577 818 1614 cives
836 1577 999 1614 Romani
1020 1577 1213 1615 fortissimi
1228 1579 1371 1617 fidelis-

226 1641 387 1690 simique
408 1639 642 1683 incolebant,
671 1638 709 1674 in
742 1638 894 1687 agmine
925 1637 1107 1675 dimicare
1127 1638 1176 1676 sit
1204 1648 1373 1678 coactus.

228 1703 315 1744 Quo
336 1700 481 1752 proelio
500 1700 650 1737 duobus
670 1699 834 1736 millibus
854 1699 1016 1735 militum
1034 1699 1194 1749 amplius
1214 1702 1373 1748 amissis,

226 1762 513 1800 centurionibus
533 1772 691 1805 xxxmx,
711 1759 872 1797 tribunis
895 1771 952 1804 iv,
973 1773 1058 1797 cum
1081 1759 1234 1811 reliquis
1254 1764 1373 1814 copiis

228 1824 407 1861 Salonam
428 1836 468 1861 se
487 1822 632 1872 recepit
653 1836 662 1858 z
693 1834 913 1871 summaque
933 1821 984 1858 ibi
1003 1821 1226 1860 difficultate
1246 1835 1373 1860 rerum

227 1884 395 1922 omnium
416 1896 567 1935 pressus
588 1882 718 1933 paucis
738 1882 930 1920 mensibus
950 1883 1082 1919 morbo
1102 1883 1228 1933 periit.
1296 1884 1373 1922 Cu-

223 1946 286 1994 jus
306 1952 345 1982 et
364 1945 567 1982 infelicitas
586 1943 658 1979 vivi
688 1950 725 1980 et
745 1943 870 1979 subita
888 1956 990 1979 mors
1010 1943 1047 1980 in
1071 1956 1246 1992 magnam
1267 1958 1372 1996 spem

229 2006 433 2044 Octavium
454 2005 615 2043 adduxit
629 2003 849 2054 provinciae
868 2003 1098 2053 potiundae:
1119 2017 1232 2055 quem
1245 2011 1373 2043 tamen

229 2067 369 2104 diutius
390 2067 427 2103 in
447 2067 561 2103 rebus
580 2065 771 2110 secundis,
805 2072 843 2101 et
862 2064 1031 2110 fortuna,
1052 2077 1148 2115 quae
1168 2067 1372 2116 plurimum

228 2127 267 2164 in
286 2127 396 2165 bellis
415 2134 557 2177 potest,
577 2125 850 2176 diligentiaque
872 2124 1082 2171 Cornificii,
1103 2133 1139 2163 et
1156 2127 1276 2164 virtus
1296 2127 1373 2166 Va-

229 2188 312 2226 tinii
334 2188 474 2226 versari
494 2200 604 2238 passa
623 2199 698 2223 non
720 2194 790 2222 est.

283 2248 424 2285 XLIV.
480 2247 668 2292 Vatinius,
704 2246 892 2283 Brundisii
925 2259 1041 2296 quum
1062 2254 1175 2294 esset,
1208 2248 1372 2299 cognitis

230 2310 358 2356 rebus,
387 2323 486 2360 quae
504 2316 635 2360 gestae
654 2315 763 2346 erant
783 2307 819 2344 in
840 2308 1010 2358 Illyrico,
1031 2321 1146 2360 quum
1167 2309 1309 2348 crebris
1329 2310 1371 2346 li-
