1472 2664
506 298 671 337 LIBER
724 299 797 338 ΙΙΙ.
1167 304 1218 340 89

80 410 236 440 tuerunt
255 401 436 453 pecunias
453 403 629 447 mutuati,
657 402 818 452 proinde
836 415 882 440 ac
901 402 976 439 suis
994 401 1215 440 satisfacere

81 471 121 500 et
139 463 313 500 fraudata
325 463 527 500 restituere
538 463 693 508 vellent,
708 463 836 500 multis
849 463 1011 501 coenatis
1027 464 1147 513 equis,
1167 463 1216 500 ad

84 523 305 573 Pompeium
327 522 570 567 transierunt,
590 535 676 559 cum
696 522 753 567 iis,
775 535 869 572 quos
889 521 947 558 sui
968 521 1114 559 consilii
1134 534 1219 572 par·

83 582 220 631 ticipes'
238 583 440 620 habebant.
458 592 462 593 ⁷

132 642 237 679 LXI.
291 644 394 684 Quos
425 642 642 693 Pompeius,
671 642 775 692 quod
800 650 907 679 erant
934 642 1095 679 honesto
1123 642 1217 680 -Ioco

82 703 173 746 nati,
202 710 241 739 et
269 703 440 739 instructi
469 703 688 748 liberaliter,
721 715 937 752 magnoque
967 703 1152 746 comitatu
1179 710 1218 740 et

82 763 209 800 multis
223 763 406 812 jumentis
426 771 621 808 venerant,
653 763 798 813 virique
817 763 936 799 fortes
962 763 1216 809 habebantur,

79 830 119 859 et
137 823 174 859 in
194 823 338 861 honore
354 824 455 874 apud
475 824 679 861 Caesarem
700 825 865 869 fuerant,
885 823 1063 873 quodque
1079 836 1219 860 novum

79 890 117 920 et
139 891 291 933 praeter
309 884 626 921 consuetudinem
645 884 851 930 acciderat,
882 883 1007 921 omnia
1024 896 1093 920 sua
1111 895 1220 933 prae-

81 943 178 980 sidia
192 944 463 989 circumduxit,
478 951 593 994 atque
609 945 825 982 ostentavit.
854 944 952 980 Nam
967 950 1056 980 ante
1071 943 1109 980 id
1124 950 1219 980 tem-

79 1017 149 1053 pus
167 1017 293 1049 nemo,
324 1013 390 1042 aut
408 1005 516 1042 miles
541 1012 607 1042 aut
633 1017 764 1055 eques,
793 1017 815 1042 a
841 1005 1004 1042 Caesare
1031 1004 1079 1041 ad.
1104 1004 1220 1042 Pom„

78 1064 206 1113 peium
236 1065 437 1102 transierat
455 1081 464 1108 ;
495 1079 610 1116 quum
646 1077 768 1115 paene
788 1064 960 1115 quotidie
979 1077 1002 1101 a
1033 1064 1221 1114 Pompeio

82 1125 130 1161 ad
146 1125 353 1162 Caesarem
371 1125 632 1175 perfugerent,
651 1126 765 1175 vulgo
783 1138 874 1162 vero
890 1124 1053 1162 universi
1069 1124 1106 1160 in
1127 1124 1219 1174 Epi-

86 1196 129 1220 ro
148 1192 262 1234 atque
293 1185 447 1222 Aetolia
467 1185 674 1234 conscripti
693 1184 843 1229 milites,
872 1196 1078 1233 earumque
1097 1184 1223 1233 regio-

82 1256 172 1280 num
199 1246 382 1290 omnium,
411 1257 507 1294 quae
526 1257 549 1281 a
576 1245 740 1282 Caesare
766 1244 1007 1281 tenebantur.
1063 1243 1139 1280 Sed
1167 1243 1220 1288 hi,

82 1303 245 1353 cognitis
260 1305 434 1342 omnibus
447 1306 574 1351 rebus,
595 1317 662 1342 seu
681 1304 774 1355 quid
788 1304 824 1340 in
841 1303 1114 1340 munitionibus
1134 1316 1220 1353 per-

80 1363 224 1401 feetum
246 1378 321 1401 non
341 1372 436 1410 erat,
466 1378 534 1402 seu
554 1365 644 1415 quid
663 1378 685 1402 a
712 1364 954 1415 peritioribus
972 1364 1029 1400 rei
1047 1363 1218 1400 militaris

83 1425 291 1463 desiderari
310 1426 523 1471 videbatur,
543 1426 855 1476 temporibusque
876 1437 1015 1470 rerum,
1035 1431 1074 1460 et
1089 1423 1221 1474 spatiis

78 1485 264 1532 locorum,
286 1493 325 1523 et
339 1486 597 1524 custodiarum
617 1487 719 1523 varia
734 1485 930 1535 diligentia
944 1484 1221 1530 animadversa,

83 1553 198 1596 prout
217 1548 402 1597 cujusque
417 1560 562 1592 eorum,
583 1546 646 1597 qui
661 1546 824 1596 negotiis
842 1552 1055 1595 praeerant,
1076 1552 1142 1581 aut
1156 1556 1223 1581 na-

84 1614 171 1644 tura
198 1615 263 1644 aut
287 1607 454 1644 studium
472 1607 635 1652 ferebat,
665 1607 761 1643 haec
780 1606 828 1643 ad
848 1606 1072 1656 Pompeium
1096 1605 1223 1642 omnia

85 1668 315 1706 detulerant.
802 1706 806 1711 .

135 1728 261 1766 LXII.
316 1730 463 1771 Quibus
478 1729 540 1766 ille
561 1728 738 1778 cognitis,
759 1727 1046 1777 eruptionisque
1060 1728 1139 1776 jam
1155 1739 1222 1763 an-

84 1799 123 1828 te
143 1798 255 1841 capto
270 1790 442 1835 consilio,
462 1798 504 1826 ut
519 1789 822 1825 demonstratum
840 1795 912 1832 est,
932 1787 1142 1837 tegimenta
1156 1799 1223 1837 ga-

82 1851 152 1888 leis
171 1850 309 1888 milites
329 1863 378 1887 ex
398 1850 599 1887 viminibus
617 1849 760 1894 facere,
778 1852 897 1899 atque
916 1860 1098 1898 aggerem
1120 1860 1224 1884 com-

84 1919 252 1961 portare,
266 1911 391 1960 jubet.
429 1911 501 1947 His
520 1910 660 1960 paratis
678 1910 805 1954 rebus,
821 1921 1000 1958 magnum
1021 1921 1222 1946 numerum

84 1971 404 2008 levis-armaturae
417 1978 455 2008 et
467 1970 763 2020 sagittariorum,
783 1981 1041 2018 aggeremque
1057 1981 1223 2013 omnem,

83 2040 201 2070 noctu
217 2033 253 2068 in
268 2032 427 2082 scaphas
442 2039 482 2068 et
495 2044 610 2068 naves
625 2030 813 2068 actuarias
829 2029 1004 2079 imponit;
1024 2036 1064 2066 et
1083 2028 1131 2065 de
1145 2042 1222 2065 me-

84 2093 146 2129 dia
165 2099 279 2130 nocte
304 2092 483 2129 cohortes
502 2103 568 2138 Lx,
596 2104 645 2129 ex
665 2091 840 2128 maximis
859 2089 991 2127 castris
1011 2089 1224 2139 praesidiis-

86 2166 160 2204 que
176 2153 373 2199 deductas,
392 2153 440 2190 ad
454 2165 539 2189 eam
553 2161 698 2203 partem
716 2152 968 2188 munitionum
984 2149 1104 2194 ducit,
1125 2161 1221 2199 quae

85 2214 329 2264 pertinebant
347 2214 395 2251 ad
414 2226 531 2258 mare,
550 2213 846 2263 longissimeque
863 2224 884 2248 a
898 2210 1074 2248 maximis
1090 2210 1224 2247 castris

87 2274 262 2312 Caesar-is
287 2275 458 2312 aberant.
512 2273 658 2311 Eodem
681 2285 809 2318 naves,
838 2284 930 2322 quas
950 2271 1224 2308 demonstravi-

87 2347 170 2372 mus
199 2347 340 2384 aggere
359 2343 399 2373 et
415 2335 508 2374 levis
540 2341 754 2372 armaturae
785 2333 967 2371 militibus
1000 2332 1222 2383 completas,

167 2394 276 2433 ToM.
304 2395 356 2431 II.
648 2394 693 2430 Μ
