1472 2664
517 290 681 332 LIBER
736 295 766 331 Ι.
1153 294 1197 336 17

64 400 155 438 saris
174 399 296 443 miles,
316 406 357 437 ut
375 398 633 447 producatur:
660 397 869 447 productos
888 396 1010 447 palam
1032 396 1067 433 in
1088 409 1197 446 prae-

67 462 163 498 torio
190 459 434 498 interficiunt.
488 459 564 495 Sed
583 459 783 508 plerosque
803 457 855 501 hi,
875 457 938 507 qui
959 464 1198 507 receperant,

66 522 205 566 celant,
241 528 435 570 noctuque
467 532 534 569 per
564 519 703 554 vallum
737 517 929 554 emittunt.
985 517 1048 553 Sic
1077 524 1200 554 terror

65 582 211 619 oblatus
230 594 252 618 a
281 580 456 624 ducibus,
490 578 693 616 crudelitas
713 578 748 614 in
768 577 970 627 supplicio,
996 589 1093 614 nova
1111 577 1199 614 reli-

66 642 128 692 gio
156 640 400 691 jurisjurandi
433 652 538 689 spem
566 638 775 687 praesentis
802 637 1006 674 deditionis
1033 637 1199 682 sustulit,

64 709 287 751 mentesque
317 701 477 737 militum
504 698 707 743 convertit,
741 705 779 735 et
811 710 890 734 rem
921 697 970 734 ad
1000 697 1198 747 pristinam

63 762 152 799 belli
173 763 356 799 rationem
377 760 538 809 redegit.

114 822 317 859 LXXVII.
373 821 526 864 Caesar,
564 819 627 870 qui
657 819 796 856 milites
828 818 1128 856 adversariorum
1161 818 1200 856 in

65 890 190 920 castra
207 895 274 932 per
294 890 442 932 tempus
462 881 642 930 colloquii
662 887 857 924 venerant,
876 892 1022 917 summa
1040 879 1200 929 diligen-

62 945 114 982 tIa
138 943 311 993 conquiri
330 950 368 979 et
386 941 528 979 remitti
542 941 664 990 jubet.
695 940 762 976 sed
781 953 830 977 ex
850 953 1010 977 numero
1030 940 1199 978 tribuno-

64 1018 145 1042 rum
166 1004 326 1040 militum
355 1002 697 1051 centurionumque
716 1000 888 1037 nonnulli
917 1013 985 1037 sua
1003 1001 1199 1038 voluntate

65 1065 167 1116 apud
194 1077 279 1101 eum
308 1069 601 1103 remanserunt;·
623 1074 717 1112 quos
746 1061 808 1097 ille
837 1067 971 1110 postea
997 1073 1135 1110 magno
1162 1060 1203 1098 in

63 1126 208 1162 honore
226 1124 384 1161 habuit:
414 1123 656 1160 centuriones
676 1122 712 1158 in
740 1121 942 1170 ampliores
961 1120 1127 1166 ordines,
1160 1134 1201 1158 e-

64 1186 187 1236 quites
219 1185 412 1222 Romanos
443 1184 479 1220 in
499 1182 736 1220 tribunitium
756 1181 920 1218 restituit
941 1181 1136 1219 honorem.

115 1244 341 1282 LXXVIII.
397 1244 674 1280 Premebantur
707 1242 906 1279 Afraniani
942 1244 1200 1293 pabulatione,

64 1307 302 1357 aquabantur
320 1316 458 1354 aegre:
494 1303 675 1339 frumenti
705 1303 852 1352 copiam
881 1303 1078 1354 legionarii
1107 1318 1201 1341 non-

63 1367 203 1404 nullam
235 1366 441 1409 habebant,
470 1364 573 1414 quod
600 1363 747 1400 dierum
781 1375 868 1400 xxii
897 1365 944 1401 ab
974 1364 1098 1402 Ilerda
1125 1366 1200 1403 fru-

64 1435 234 1465 mentum
250 1425 345 1476 jussi
360 1431 469 1462 erant
483 1424 639 1461 efferre:
667 1425 802 1461 cetrati
819 1425 1098 1476 auxiliaresque
1118 1427 1202 1464 nul-

58 1489 149 1534 lam,
166 1500 326 1538 quorum
342 1492 449 1523 erant
464 1493 502 1521 et
518 1484 717 1521 facultates
732 1485 780 1521 ad
795 1485 1004 1535 parandum
1021 1487 1200 1537 exiguae,

62 1556 101 1586 et
132 1559 293 1599 corpora
311 1547 460 1584 insueta
483 1546 532 1582 ad
551 1558 667 1583 onera
695 1546 903 1595 portanda:
932 1547 1059 1598 itaque
1092 1562 1199 1598 mag-

62 1623 133 1646 nus
152 1621 283 1646 eorum
312 1607 481 1658 quotidie
501 1619 680 1643 numerus
699 1607 745 1644 ad
778 1607 979 1645 Caesarem
1007 1610 1201 1661 perfugie-

61 1671 138 1707 bat.
186 1668 230 1705 In
250 1668 308 1704 his
323 1674 404 1706 erat
423 1668 607 1718 angustiis
627 1679 685 1703 res
702 1681 710 1704 :
739 1667 805 1704 sed
825 1681 871 1704 ex
889 1671 1090 1718 propositis
1110 1685 1201 1709 con-

63 1731 154 1768 siliis
186 1729 334 1766 duobus
366 1728 587 1778 explicitius
616 1727 818 1765 videbatur
854 1728 1017 1767 Ilerdam
1048 1734 1201 1780 reverti,

63 1791 165 1841 quod
185 1790 236 1827 ibi
267 1789 476 1839 paullulum
508 1788 689 1826 frumenti
708 1788 952 1838 reliquerant.
1006 1790 1063 1827 Ibi
1082 1804 1122 1829 se
1142 1806 1202 1831 re-

62 1851 207 1901 liquum
227 1849 425 1887 consilium
444 1849 703 1898 explicaturos
723 1850 978 1887 confidebant.
1032 1852 1202 1892 Tarraco

62 1913 193 1949 aberat
210 1911 382 1960 longius:
411 1923 485 1960 quo
500 1910 622 1960 spatio
642 1910 768 1959 plures
788 1923 866 1948 rem
886 1925 998 1961 posse
1014 1925 1124 1951 casus
1143 1928 1201 1952 re-

60 1973 188 2022 cipere
224 1970 502 2020 intelligebant.
557 1970 645 2007 Hoc
665 1971 824 2020 probato
844 1972 1016 2018 consilio,
1049 1987 1098 2010 ex
1119 1988 1200 2013 cas.

60 2032 128 2069 tris
146 2031 454 2082 proficiscuntur.
509 2031 664 2076 Cacsar,
693 2031 865 2081 equitatu
887 2033 1106 2082 praemisso,
1135 2038 1199 2086 qui

64 2092 307 2130 novissimum
336 2103 474 2141 agmen
505 2098 692 2141 carperet,
729 2097 843 2141 atque
875 2092 1088 2143 impediret,
1119 2096 1201 2146 ipse

64 2166 152 2191 cum
185 2152 399 2202 legionibus
435 2152 691 2202 subsequitur.
748 2152 905 2190 Nullum
937 2154 1203 2195 intercedebat

62 2222 227 2264 tempus,
255 2212 346 2263 quin
366 2212 528 2249 extremi
548 2225 635 2249 cum
655 2212 847 2263 equitibus
872 2214 1161 2264 proeliarentur.

113 2273 298 2310 LXXIX.
351 2272 484 2310 Genus
503 2279 584 2310 erat
603 2273 676 2310 hoc
695 2285 859 2323 pugnae.
905 2273 1119 2324 Expeditae
1138 2290 1203 2316 co-

63 2335 193 2375 hortes
221 2333 467 2372 novissimum
493 2346 630 2384 agmen
650 2333 906 2377 claudebant3
937 2335 1141 2386 pluresque
1161 2338 1199 2375 in

136 2393 244 2431 Tou.
271 2392 323 2430 ΙΙ.
632 2393 662 2429 C
