<?xml version="1.0" encoding="UTF-8"?>
<!DOCTYPE html PUBLIC "-//W3C//DTD XHTML 1.0 Transitional//EN"
    "http://www.w3.org/TR/xhtml1/DTD/xhtml1-transitional.dtd">
<html xmlns="http://www.w3.org/1999/xhtml" xml:lang="en" lang="en">
 <head>
  <title>
</title>
<meta http-equiv="Content-Type" content="text/html;charset=utf-8" />
  <meta name='ocr-system' content='tesseract 3.04.00' />
  <meta name='ocr-capabilities' content='ocr_page ocr_carea ocr_par ocr_line ocrx_word'/>
</head>
<body>
  <div class='ocr_page' id='page_1' title='image "./debellogallicoet02caesuoft_0026.png"; bbox 0 0 1472 2664; ppageno 0'>
   <div class='ocr_carea' id='block_1_1' title="bbox 226 180 1030 222">
    <p class='ocr_par' dir='ltr' id='par_1_1' title="bbox 226 180 1030 222">
     <span class='ocr_line' id='line_1_1' title="bbox 226 180 1030 222; baseline -0.006 0"><span class='ocrx_word' id='word_1_1' title='bbox 226 187 272 222; x_wconf 77' lang='lat'>12</span> <span class='ocrx_word' id='word_1_2' title='bbox 529 181 603 218; x_wconf 88' lang='lat' dir='ltr'>DE</span> <span class='ocrx_word' id='word_1_3' title='bbox 639 180 819 218; x_wconf 90' lang='lat' dir='ltr'>BELLO</span> <span class='ocrx_word' id='word_1_4' title='bbox 861 180 1030 219; x_wconf 89' lang='lat' dir='ltr'><strong>CIVILI</strong></span> 
     </span>
    </p>
   </div>
   <div class='ocr_carea' id='block_1_2' title="bbox 223 282 1385 2264">
    <p class='ocr_par' dir='ltr' id='par_1_2' title="bbox 223 282 1367 756">
     <span class='ocr_line' id='line_1_2' title="bbox 224 282 1362 335; baseline -0.001 -13"><span class='ocrx_word' id='word_1_5' title='bbox 224 293 305 323; x_wconf 91' lang='lat' dir='ltr'>tum</span> <span class='ocrx_word' id='word_1_6' title='bbox 334 296 403 335; x_wconf 86' lang='lat' dir='ltr'>per</span> <span class='ocrx_word' id='word_1_7' title='bbox 428 296 468 321; x_wconf 86' lang='lat' dir='ltr'>se</span> <span class='ocrx_word' id='word_1_8' title='bbox 495 284 680 334; x_wconf 89' lang='lat' dir='ltr'>pudorem</span> <span class='ocrx_word' id='word_1_9' title='bbox 709 282 876 320; x_wconf 87' lang='lat' dir='ltr'>omnium</span> <span class='ocrx_word' id='word_1_10' title='bbox 903 283 1035 329; x_wconf 79' lang='lat' dir='ltr'>ocuHs,</span> <span class='ocrx_word' id='word_1_11' title='bbox 1067 283 1228 321; x_wconf 85' lang='lat' dir='ltr'>multum</span> <span class='ocrx_word' id='word_1_12' title='bbox 1247 283 1362 321; x_wconf 82' lang='lat' dir='ltr'>etiarn</span> 
     </span>
     <span class='ocr_line' id='line_1_3' title="bbox 224 343 1364 394; baseline -0.001 -11"><span class='ocrx_word' id='word_1_13' title='bbox 224 345 463 383; x_wconf 86' lang='lat' dir='ltr'>tribunorum</span> <span class='ocrx_word' id='word_1_14' title='bbox 491 343 654 380; x_wconf 88' lang='lat' dir='ltr'>militum</span> <span class='ocrx_word' id='word_1_15' title='bbox 681 351 722 381; x_wconf 88' lang='lat' dir='ltr'>et</span> <span class='ocrx_word' id='word_1_16' title='bbox 740 343 1009 381; x_wconf 86' lang='lat' dir='ltr'>centurionum</span> <span class='ocrx_word' id='word_1_17' title='bbox 1037 346 1290 394; x_wconf 80' lang='lat' dir='ltr'>praesentiam</span> <span class='ocrx_word' id='word_1_18' title='bbox 1309 345 1364 382; x_wconf 89' lang='lat' dir='ltr'>af-</span> 
     </span>
     <span class='ocr_line' id='line_1_4' title="bbox 223 404 1364 455; baseline -0.001 -13"><span class='ocrx_word' id='word_1_19' title='bbox 223 406 349 448; x_wconf 82' lang='lat' dir='ltr'>ferre3</span> <span class='ocrx_word' id='word_1_20' title='bbox 368 405 503 455; x_wconf 90' lang='lat' dir='ltr'>quibus</span> <span class='ocrx_word' id='word_1_21' title='bbox 522 405 635 452; x_wconf 86' lang='lat' dir='ltr'>rebus</span> <span class='ocrx_word' id='word_1_22' title='bbox 654 404 824 441; x_wconf 77' lang='lat' dir='ltr'>coe&#39;rceri</span> <span class='ocrx_word' id='word_1_23' title='bbox 842 404 994 451; x_wconf 89' lang='lat' dir='ltr'>milites,</span> <span class='ocrx_word' id='word_1_24' title='bbox 1013 413 1053 442; x_wconf 91' lang='lat' dir='ltr'>et</span> <span class='ocrx_word' id='word_1_25' title='bbox 1071 405 1108 441; x_wconf 92' lang='lat' dir='ltr'>in</span> <span class='ocrx_word' id='word_1_26' title='bbox 1129 405 1252 442; x_wconf 88' lang='lat' dir='ltr'>officio</span> <span class='ocrx_word' id='word_1_27' title='bbox 1272 418 1364 443; x_wconf 90' lang='lat' dir='ltr'>con-</span> 
     </span>
     <span class='ocr_line' id='line_1_5' title="bbox 225 464 1365 516; baseline 0.001 -15"><span class='ocrx_word' id='word_1_28' title='bbox 225 465 353 511; x_wconf 87' lang='lat' dir='ltr'>tineri,</span> <span class='ocrx_word' id='word_1_29' title='bbox 371 464 531 502; x_wconf 85' lang='lat' dir='ltr'>soleant.</span> <span class='ocrx_word' id='word_1_30' title='bbox 567 465 696 507; x_wconf 83' lang='lat' dir='ltr'>Quare</span> <span class='ocrx_word' id='word_1_31' title='bbox 710 464 813 502; x_wconf 90' lang='lat' dir='ltr'>omni</span> <span class='ocrx_word' id='word_1_32' title='bbox 829 465 975 502; x_wconf 85' lang='lat' dir='ltr'>ratione</span> <span class='ocrx_word' id='word_1_33' title='bbox 993 478 1076 503; x_wconf 84' lang='lat' dir='ltr'>esse</span> <span class='ocrx_word' id='word_1_34' title='bbox 1095 465 1261 503; x_wconf 83' lang='lat' dir='ltr'>interdiu</span> <span class='ocrx_word' id='word_1_35' title='bbox 1279 478 1365 516; x_wconf 86' lang='lat' dir='ltr'>per-</span> 
     </span>
     <span class='ocr_line' id='line_1_6' title="bbox 225 524 1365 575; baseline 0 -13"><span class='ocrx_word' id='word_1_36' title='bbox 225 525 504 575; x_wconf 85' lang='lat' dir='ltr'>rumpendum:</span> <span class='ocrx_word' id='word_1_37' title='bbox 541 524 613 562; x_wconf 90' lang='lat' dir='ltr'>etsi</span> <span class='ocrx_word' id='word_1_38' title='bbox 632 524 760 575; x_wconf 87' lang='lat' dir='ltr'>aliquo</span> <span class='ocrx_word' id='word_1_39' title='bbox 779 530 941 575; x_wconf 69' lang='lat' dir='ltr'>accepto</span> <span class='ocrx_word' id='word_1_40' title='bbox 962 524 1207 572; x_wconf 87' lang='lat' dir='ltr'>detrimento,</span> <span class='ocrx_word' id='word_1_41' title='bbox 1238 532 1365 562; x_wconf 87' lang='lat' dir='ltr'>tamen</span> 
     </span>
     <span class='ocr_line' id='line_1_7' title="bbox 226 583 1367 634; baseline -0.002 -12"><span class='ocrx_word' id='word_1_42' title='bbox 226 598 373 622; x_wconf 86' lang='lat' dir='ltr'>summa</span> <span class='ocrx_word' id='word_1_43' title='bbox 405 585 598 623; x_wconf 81' lang='lat' dir='ltr'>exercitus</span> <span class='ocrx_word' id='word_1_44' title='bbox 631 585 748 630; x_wconf 87' lang='lat' dir='ltr'>salva,</span> <span class='ocrx_word' id='word_1_45' title='bbox 778 585 920 630; x_wconf 90' lang='lat' dir='ltr'>Iocum,</span> <span class='ocrx_word' id='word_1_46' title='bbox 951 597 1064 634; x_wconf 92' lang='lat' dir='ltr'>quem</span> <span class='ocrx_word' id='word_1_47' title='bbox 1096 591 1244 634; x_wconf 87' lang='lat' dir='ltr'>petant,</span> <span class='ocrx_word' id='word_1_48' title='bbox 1280 583 1367 634; x_wconf 88' lang='lat' dir='ltr'>capi</span> 
     </span>
     <span class='ocr_line' id='line_1_8' title="bbox 225 644 1367 696; baseline -0.001 -13"><span class='ocrx_word' id='word_1_49' title='bbox 225 658 350 696; x_wconf 87' lang='lat' dir='ltr'>posse.</span> <span class='ocrx_word' id='word_1_50' title='bbox 390 645 502 683; x_wconf 85' lang='lat' dir='ltr'>Haec</span> <span class='ocrx_word' id='word_1_51' title='bbox 522 645 636 682; x_wconf 89' lang='lat' dir='ltr'>evicit</span> <span class='ocrx_word' id='word_1_52' title='bbox 655 645 694 682; x_wconf 92' lang='lat' dir='ltr'>in</span> <span class='ocrx_word' id='word_1_53' title='bbox 714 644 871 683; x_wconf 91' lang='lat' dir='ltr'>consilio</span> <span class='ocrx_word' id='word_1_54' title='bbox 887 645 1093 688; x_wconf 81' lang='lat' dir='ltr'>sententia3</span> <span class='ocrx_word' id='word_1_55' title='bbox 1113 651 1152 682; x_wconf 85' lang='lat' dir='ltr'>ct</span> <span class='ocrx_word' id='word_1_56' title='bbox 1170 644 1292 694; x_wconf 86' lang='lat' dir='ltr'>prima</span> <span class='ocrx_word' id='word_1_57' title='bbox 1309 645 1367 684; x_wconf 89' lang='lat' dir='ltr'>lu·</span> 
     </span>
     <span class='ocr_line' id='line_1_9' title="bbox 229 704 960 756; baseline -0.001 -13"><span class='ocrx_word' id='word_1_58' title='bbox 229 719 273 743; x_wconf 88' lang='lat' dir='ltr'>ce</span> <span class='ocrx_word' id='word_1_59' title='bbox 293 705 475 756; x_wconf 84' lang='lat' dir='ltr'>postridie</span> <span class='ocrx_word' id='word_1_60' title='bbox 496 704 737 743; x_wconf 88' lang='lat' dir='ltr'>constituunt</span> <span class='ocrx_word' id='word_1_61' title='bbox 754 704 960 756; x_wconf 79' lang='lat' dir='ltr'>proficisci.</span> 
     </span>
    </p>

    <p class='ocr_par' dir='ltr' id='par_1_3' title="bbox 228 765 1377 1483">
     <span class='ocr_line' id='line_1_10' title="bbox 279 765 1369 816; baseline -0.001 -13"><span class='ocrx_word' id='word_1_62' title='bbox 279 765 466 803; x_wconf 86' lang='lat' dir='ltr'><strong>LXVIII.</strong></span> <span class='ocrx_word' id='word_1_63' title='bbox 519 766 674 812; x_wconf 83' lang='lat' dir='ltr'>Caesar,</span> <span class='ocrx_word' id='word_1_64' title='bbox 710 765 921 816; x_wconf 83' lang='lat' dir='ltr'>exploratis</span> <span class='ocrx_word' id='word_1_65' title='bbox 950 765 1182 815; x_wconf 79' lang='lat' dir='ltr'>regionibuS‚</span> <span class='ocrx_word' id='word_1_66' title='bbox 1214 765 1369 802; x_wconf 84' lang='lat' dir='ltr'>albente</span> 
     </span>
     <span class='ocr_line' id='line_1_11' title="bbox 228 824 1369 876; baseline -0.003 -12"><span class='ocrx_word' id='word_1_67' title='bbox 228 827 352 872; x_wconf 90' lang='lat' dir='ltr'>coelo,</span> <span class='ocrx_word' id='word_1_68' title='bbox 372 839 503 864; x_wconf 90' lang='lat' dir='ltr'>omnes</span> <span class='ocrx_word' id='word_1_69' title='bbox 524 826 653 876; x_wconf 91' lang='lat' dir='ltr'>copias</span> <span class='ocrx_word' id='word_1_70' title='bbox 672 826 806 864; x_wconf 88' lang='lat' dir='ltr'>castris</span> <span class='ocrx_word' id='word_1_71' title='bbox 825 826 978 868; x_wconf 89' lang='lat' dir='ltr'>educit;</span> <span class='ocrx_word' id='word_1_72' title='bbox 995 836 1210 874; x_wconf 84' lang='lat' dir='ltr'>magnoque</span> <span class='ocrx_word' id='word_1_73' title='bbox 1231 824 1369 863; x_wconf 86' lang='lat' dir='ltr'>circui-</span> 
     </span>
     <span class='ocr_line' id='line_1_12' title="bbox 229 885 1369 936; baseline -0.001 -12"><span class='ocrx_word' id='word_1_74' title='bbox 229 894 286 933; x_wconf 89' lang='lat' dir='ltr'>tu,</span> <span class='ocrx_word' id='word_1_75' title='bbox 317 887 422 924; x_wconf 91' lang='lat' dir='ltr'>nullo</span> <span class='ocrx_word' id='word_1_76' title='bbox 442 893 548 925; x_wconf 89' lang='lat' dir='ltr'>certo</span> <span class='ocrx_word' id='word_1_77' title='bbox 567 887 717 932; x_wconf 90' lang='lat' dir='ltr'>itinere,</span> <span class='ocrx_word' id='word_1_78' title='bbox 745 887 957 924; x_wconf 85' lang='lat' dir='ltr'>exercitum</span> <span class='ocrx_word' id='word_1_79' title='bbox 977 885 1096 923; x_wconf 88' lang='lat' dir='ltr'>ducit.</span> <span class='ocrx_word' id='word_1_80' title='bbox 1150 898 1251 931; x_wconf 85' lang='lat' dir='ltr'>nam,</span> <span class='ocrx_word' id='word_1_81' title='bbox 1272 897 1369 936; x_wconf 86' lang='lat' dir='ltr'>quae</span> 
     </span>
     <span class='ocr_line' id='line_1_13' title="bbox 232 945 1370 997; baseline -0.002 -13"><span class='ocrx_word' id='word_1_82' title='bbox 232 947 371 984; x_wconf 89' lang='lat' dir='ltr'>itinera</span> <span class='ocrx_word' id='word_1_83' title='bbox 389 948 438 986; x_wconf 90' lang='lat' dir='ltr'>ad</span> <span class='ocrx_word' id='word_1_84' title='bbox 457 947 612 985; x_wconf 87' lang='lat' dir='ltr'>lberum</span> <span class='ocrx_word' id='word_1_85' title='bbox 626 954 741 997; x_wconf 89' lang='lat' dir='ltr'>atque</span> <span class='ocrx_word' id='word_1_86' title='bbox 758 946 994 996; x_wconf 81' lang='lat' dir='ltr'>Octogesam</span> <span class='ocrx_word' id='word_1_87' title='bbox 1011 945 1268 996; x_wconf 84' lang='lat' dir='ltr'>pertinebant,</span> <span class='ocrx_word' id='word_1_88' title='bbox 1289 958 1370 983; x_wconf 89' lang='lat' dir='ltr'>cas-</span> 
     </span>
     <span class='ocr_line' id='line_1_14' title="bbox 231 1006 1372 1059; baseline -0.002 -13"><span class='ocrx_word' id='word_1_89' title='bbox 231 1008 299 1046; x_wconf 88' lang='lat' dir='ltr'>tris</span> <span class='ocrx_word' id='word_1_90' title='bbox 328 1008 495 1045; x_wconf 87' lang='lat' dir='ltr'>hostium</span> <span class='ocrx_word' id='word_1_91' title='bbox 527 1008 710 1059; x_wconf 86' lang='lat' dir='ltr'>oppositis</span> <span class='ocrx_word' id='word_1_92' title='bbox 737 1008 978 1044; x_wconf 89' lang='lat' dir='ltr'>tenebantur.</span> <span class='ocrx_word' id='word_1_93' title='bbox 1032 1006 1110 1057; x_wconf 87' lang='lat' dir='ltr'>Ipsi</span> <span class='ocrx_word' id='word_1_94' title='bbox 1141 1014 1250 1045; x_wconf 85' lang='lat' dir='ltr'>erant</span> <span class='ocrx_word' id='word_1_95' title='bbox 1267 1013 1372 1044; x_wconf 87' lang='lat' dir='ltr'>tran-</span> 
     </span>
     <span class='ocr_line' id='line_1_15' title="bbox 231 1067 1373 1114; baseline -0.002 -8"><span class='ocrx_word' id='word_1_96' title='bbox 231 1069 474 1106; x_wconf 86' lang='lat' dir='ltr'>scendendae</span> <span class='ocrx_word' id='word_1_97' title='bbox 490 1069 606 1106; x_wconf 89' lang='lat' dir='ltr'>valles</span> <span class='ocrx_word' id='word_1_98' title='bbox 620 1068 823 1114; x_wconf 79' lang='lat' dir='ltr'>maximae,</span> <span class='ocrx_word' id='word_1_99' title='bbox 837 1080 881 1105; x_wconf 85' lang='lat' dir='ltr'>ac</span> <span class='ocrx_word' id='word_1_100' title='bbox 897 1067 1155 1106; x_wconf 84' lang='lat' dir='ltr'>difficillimae:</span> <span class='ocrx_word' id='word_1_101' title='bbox 1172 1079 1264 1104; x_wconf 82' lang='lat' dir='ltr'>saxa</span> <span class='ocrx_word' id='word_1_102' title='bbox 1276 1067 1373 1104; x_wconf 91' lang='lat' dir='ltr'>mul-</span> 
     </span>
     <span class='ocr_line' id='line_1_16' title="bbox 232 1128 1371 1180; baseline -0.001 -13"><span class='ocrx_word' id='word_1_103' title='bbox 232 1130 281 1167; x_wconf 88' lang='lat' dir='ltr'>tis</span> <span class='ocrx_word' id='word_1_104' title='bbox 300 1129 395 1167; x_wconf 89' lang='lat' dir='ltr'>locis</span> <span class='ocrx_word' id='word_1_105' title='bbox 414 1137 622 1180; x_wconf 87' lang='lat' dir='ltr'>praerupta</span> <span class='ocrx_word' id='word_1_106' title='bbox 640 1130 712 1167; x_wconf 87' lang='lat' dir='ltr'>iter</span> <span class='ocrx_word' id='word_1_107' title='bbox 726 1128 1004 1180; x_wconf 87' lang='lat' dir='ltr'>impediebant;</span> <span class='ocrx_word' id='word_1_108' title='bbox 1024 1136 1065 1166; x_wconf 90' lang='lat' dir='ltr'>ut</span> <span class='ocrx_word' id='word_1_109' title='bbox 1084 1141 1187 1167; x_wconf 85' lang='lat' dir='ltr'>arma</span> <span class='ocrx_word' id='word_1_110' title='bbox 1205 1141 1274 1178; x_wconf 88' lang='lat' dir='ltr'>per</span> <span class='ocrx_word' id='word_1_111' title='bbox 1292 1141 1371 1166; x_wconf 87' lang='lat' dir='ltr'>ma-</span> 
     </span>
     <span class='ocr_line' id='line_1_17' title="bbox 233 1188 1373 1240; baseline -0.003 -12"><span class='ocrx_word' id='word_1_112' title='bbox 233 1203 305 1228; x_wconf 89' lang='lat' dir='ltr'>nus</span> <span class='ocrx_word' id='word_1_113' title='bbox 324 1191 540 1228; x_wconf 87' lang='lat' dir='ltr'>necessario</span> <span class='ocrx_word' id='word_1_114' title='bbox 559 1190 817 1236; x_wconf 85' lang='lat' dir='ltr'>traderentur,</span> <span class='ocrx_word' id='word_1_115' title='bbox 839 1189 1054 1240; x_wconf 86' lang='lat' dir='ltr'>militesque</span> <span class='ocrx_word' id='word_1_116' title='bbox 1073 1188 1221 1235; x_wconf 85' lang='lat' dir='ltr'>inermi,</span> <span class='ocrx_word' id='word_1_117' title='bbox 1247 1188 1373 1226; x_wconf 89' lang='lat' dir='ltr'>suble-</span> 
     </span>
     <span class='ocr_line' id='line_1_18' title="bbox 234 1249 1375 1301; baseline 0 -15"><span class='ocrx_word' id='word_1_118' title='bbox 234 1251 388 1301; x_wconf 84' lang='lat' dir='ltr'>vatique</span> <span class='ocrx_word' id='word_1_119' title='bbox 408 1251 471 1288; x_wconf 85' lang='lat' dir='ltr'>alii</span> <span class='ocrx_word' id='word_1_120' title='bbox 489 1251 536 1287; x_wconf 91' lang='lat' dir='ltr'>ab</span> <span class='ocrx_word' id='word_1_121' title='bbox 557 1250 653 1295; x_wconf 86' lang='lat' dir='ltr'>aliis,</span> <span class='ocrx_word' id='word_1_122' title='bbox 681 1262 857 1300; x_wconf 80' lang='lat' dir='ltr'>magnam</span> <span class='ocrx_word' id='word_1_123' title='bbox 876 1257 1025 1300; x_wconf 88' lang='lat' dir='ltr'>partem</span> <span class='ocrx_word' id='word_1_124' title='bbox 1045 1249 1190 1286; x_wconf 89' lang='lat' dir='ltr'>itineris</span> <span class='ocrx_word' id='word_1_125' title='bbox 1209 1249 1375 1295; x_wconf 79' lang='lat' dir='ltr'>confice-</span> 
     </span>
     <span class='ocr_line' id='line_1_19' title="bbox 234 1310 1376 1360; baseline 0 -12"><span class='ocrx_word' id='word_1_126' title='bbox 234 1320 333 1349; x_wconf 87' lang='lat' dir='ltr'>rent.</span> <span class='ocrx_word' id='word_1_127' title='bbox 389 1311 465 1348; x_wconf 89' lang='lat' dir='ltr'>Sed</span> <span class='ocrx_word' id='word_1_128' title='bbox 484 1311 587 1348; x_wconf 87' lang='lat' dir='ltr'>hunc</span> <span class='ocrx_word' id='word_1_129' title='bbox 602 1311 772 1349; x_wconf 86' lang='lat' dir='ltr'>laborem</span> <span class='ocrx_word' id='word_1_130' title='bbox 792 1311 994 1348; x_wconf 79' lang='lat' dir='ltr'>recusabat</span> <span class='ocrx_word' id='word_1_131' title='bbox 1013 1323 1138 1356; x_wconf 76' lang='lat' dir='ltr'>neam,</span> <span class='ocrx_word' id='word_1_132' title='bbox 1166 1310 1269 1360; x_wconf 88' lang='lat' dir='ltr'>quod</span> <span class='ocrx_word' id='word_1_133' title='bbox 1288 1323 1376 1348; x_wconf 88' lang='lat' dir='ltr'>eum</span> 
     </span>
     <span class='ocr_line' id='line_1_20' title="bbox 236 1371 1376 1416; baseline -0.002 -6"><span class='ocrx_word' id='word_1_134' title='bbox 236 1372 405 1410; x_wconf 91' lang='lat' dir='ltr'>omnium</span> <span class='ocrx_word' id='word_1_135' title='bbox 432 1372 605 1409; x_wconf 86' lang='lat' dir='ltr'>laborum</span> <span class='ocrx_word' id='word_1_136' title='bbox 624 1372 742 1413; x_wconf 85' lang='lat' dir='ltr'>finem</span> <span class='ocrx_word' id='word_1_137' title='bbox 760 1371 843 1409; x_wconf 89' lang='lat' dir='ltr'>fore</span> <span class='ocrx_word' id='word_1_138' title='bbox 863 1371 1148 1416; x_wconf 81' lang='lat' dir='ltr'>existimabant,</span> <span class='ocrx_word' id='word_1_139' title='bbox 1175 1371 1206 1407; x_wconf 89' lang='lat' dir='ltr'>si</span> <span class='ocrx_word' id='word_1_140' title='bbox 1226 1371 1376 1408; x_wconf 89' lang='lat' dir='ltr'>hostem</span> 
     </span>
     <span class='ocr_line' id='line_1_21' title="bbox 235 1432 1377 1483; baseline -0.002 -12"><span class='ocrx_word' id='word_1_141' title='bbox 235 1433 350 1471; x_wconf 84' lang='lat' dir='ltr'>Ibero</span> <span class='ocrx_word' id='word_1_142' title='bbox 366 1432 638 1478; x_wconf 87' lang='lat' dir='ltr'>intercludere,</span> <span class='ocrx_word' id='word_1_143' title='bbox 655 1440 694 1470; x_wconf 91' lang='lat' dir='ltr'>et</span> <span class='ocrx_word' id='word_1_144' title='bbox 708 1432 900 1471; x_wconf 85' lang='lat' dir='ltr'>frumento</span> <span class='ocrx_word' id='word_1_145' title='bbox 915 1432 1133 1483; x_wconf 90' lang='lat' dir='ltr'>prohibere,</span> <span class='ocrx_word' id='word_1_146' title='bbox 1149 1432 1377 1482; x_wconf 83' lang='lat' dir='ltr'>potuissent.</span> 
     </span>
    </p>

    <p class='ocr_par' dir='ltr' id='par_1_4' title="bbox 235 1492 1385 2264">
     <span class='ocr_line' id='line_1_22' title="bbox 287 1492 1376 1544; baseline 0 -14"><span class='ocrx_word' id='word_1_147' title='bbox 287 1493 432 1531; x_wconf 93' lang='lat' dir='ltr'><strong>LXIX.</strong></span> <span class='ocrx_word' id='word_1_148' title='bbox 488 1494 550 1530; x_wconf 94' lang='lat' dir='ltr'>Ac</span> <span class='ocrx_word' id='word_1_149' title='bbox 569 1493 691 1544; x_wconf 86' lang='lat' dir='ltr'>primo</span> <span class='ocrx_word' id='word_1_150' title='bbox 712 1492 912 1532; x_wconf 85' lang='lat' dir='ltr'>Afraniani</span> <span class='ocrx_word' id='word_1_151' title='bbox 931 1492 1083 1538; x_wconf 89' lang='lat' dir='ltr'>milites,</span> <span class='ocrx_word' id='word_1_152' title='bbox 1102 1493 1249 1538; x_wconf 83' lang='lat' dir='ltr'>visendi</span> <span class='ocrx_word' id='word_1_153' title='bbox 1268 1505 1376 1530; x_wconf 88' lang='lat' dir='ltr'>caus·</span> 
     </span>
     <span class='ocr_line' id='line_1_23' title="bbox 235 1554 1378 1605; baseline -0.003 -12"><span class='ocrx_word' id='word_1_154' title='bbox 235 1568 291 1601; x_wconf 86' lang='lat' dir='ltr'>sa,</span> <span class='ocrx_word' id='word_1_155' title='bbox 310 1555 399 1593; x_wconf 89' lang='lat' dir='ltr'>laeti</span> <span class='ocrx_word' id='word_1_156' title='bbox 420 1568 468 1592; x_wconf 87' lang='lat' dir='ltr'>ex</span> <span class='ocrx_word' id='word_1_157' title='bbox 485 1554 616 1592; x_wconf 82' lang='lat' dir='ltr'>castris</span> <span class='ocrx_word' id='word_1_158' title='bbox 630 1555 922 1605; x_wconf 87' lang='lat' dir='ltr'>procurrebant,</span> <span class='ocrx_word' id='word_1_159' title='bbox 939 1554 1300 1604; x_wconf 87' lang='lat' dir='ltr'>contumeliosisque</span> <span class='ocrx_word' id='word_1_160' title='bbox 1314 1566 1378 1591; x_wconf 92' lang='lat' dir='ltr'>vo-</span> 
     </span>
     <span class='ocr_line' id='line_1_24' title="bbox 239 1614 1379 1666; baseline -0.003 -13"><span class='ocrx_word' id='word_1_161' title='bbox 239 1617 347 1653; x_wconf 84' lang='lat' dir='ltr'>cibus</span> <span class='ocrx_word' id='word_1_162' title='bbox 369 1616 722 1666; x_wconf 86' lang='lat' dir='ltr'>prosequebantur;</span> <span class='ocrx_word' id='word_1_163' title='bbox 741 1628 813 1652; x_wconf 85' lang='lat' dir='ltr'>nec</span> <span class='ocrx_word' id='word_1_164' title='bbox 832 1628 924 1659; x_wconf 89' lang='lat' dir='ltr'>non,</span> <span class='ocrx_word' id='word_1_165' title='bbox 944 1614 1147 1652; x_wconf 86' lang='lat' dir='ltr'>necessarii</span> <span class='ocrx_word' id='word_1_166' title='bbox 1162 1614 1284 1651; x_wconf 84' lang='lat' dir='ltr'>victus</span> <span class='ocrx_word' id='word_1_167' title='bbox 1298 1615 1379 1651; x_wconf 92' lang='lat' dir='ltr'>ino-</span> 
     </span>
     <span class='ocr_line' id='line_1_25' title="bbox 237 1674 1381 1726; baseline -0.002 -13"><span class='ocrx_word' id='word_1_168' title='bbox 237 1676 301 1726; x_wconf 89' lang='lat' dir='ltr'>pia</span> <span class='ocrx_word' id='word_1_169' title='bbox 330 1684 484 1714; x_wconf 82' lang='lat' dir='ltr'>coactos</span> <span class='ocrx_word' id='word_1_170' title='bbox 508 1675 656 1724; x_wconf 84' lang='lat' dir='ltr'>fugere,</span> <span class='ocrx_word' id='word_1_171' title='bbox 686 1682 801 1725; x_wconf 88' lang='lat' dir='ltr'>atque</span> <span class='ocrx_word' id='word_1_172' title='bbox 828 1675 877 1719; x_wconf 84' lang='lat' dir='ltr'>ad</span> <span class='ocrx_word' id='word_1_173' title='bbox 909 1674 1070 1719; x_wconf 79' lang='lat' dir='ltr'>Ilerdam</span> <span class='ocrx_word' id='word_1_174' title='bbox 1101 1676 1261 1717; x_wconf 79' lang='lat' dir='ltr'>reverti:</span> <span class='ocrx_word' id='word_1_175' title='bbox 1299 1682 1381 1712; x_wconf 87' lang='lat' dir='ltr'>erat</span> 
     </span>
     <span class='ocr_line' id='line_1_26' title="bbox 238 1735 1380 1786; baseline -0.002 -13"><span class='ocrx_word' id='word_1_176' title='bbox 238 1736 341 1774; x_wconf 89' lang='lat' dir='ltr'>enim</span> <span class='ocrx_word' id='word_1_177' title='bbox 360 1736 432 1775; x_wconf 89' lang='lat' dir='ltr'>iter</span> <span class='ocrx_word' id='word_1_178' title='bbox 447 1749 468 1773; x_wconf 88' lang='lat' dir='ltr'>a</span> <span class='ocrx_word' id='word_1_179' title='bbox 486 1735 682 1786; x_wconf 81' lang='lat' dir='ltr'>proposito</span> <span class='ocrx_word' id='word_1_180' title='bbox 697 1736 902 1780; x_wconf 89' lang='lat' dir='ltr'>diversum,</span> <span class='ocrx_word' id='word_1_181' title='bbox 923 1735 1227 1784; x_wconf 82' lang='lat' dir='ltr'>contrariamque</span> <span class='ocrx_word' id='word_1_182' title='bbox 1242 1735 1281 1771; x_wconf 90' lang='lat' dir='ltr'>in</span> <span class='ocrx_word' id='word_1_183' title='bbox 1296 1747 1380 1784; x_wconf 90' lang='lat' dir='ltr'>par-</span> 
     </span>
     <span class='ocr_line' id='line_1_27' title="bbox 240 1795 1381 1837; baseline -0.003 -3"><span class='ocrx_word' id='word_1_184' title='bbox 240 1803 319 1834; x_wconf 88' lang='lat' dir='ltr'>tem</span> <span class='ocrx_word' id='word_1_185' title='bbox 337 1796 379 1832; x_wconf 90' lang='lat' dir='ltr'>iri</span> <span class='ocrx_word' id='word_1_186' title='bbox 393 1796 604 1837; x_wconf 76' lang='lat' dir='ltr'>videbatur.</span> <span class='ocrx_word' id='word_1_187' title='bbox 640 1795 773 1837; x_wconf 81' lang='lat' dir='ltr'>Duces</span> <span class='ocrx_word' id='word_1_188' title='bbox 793 1808 883 1832; x_wconf 88' lang='lat' dir='ltr'>vero</span> <span class='ocrx_word' id='word_1_189' title='bbox 899 1808 1030 1832; x_wconf 85' lang='lat' dir='ltr'>eorum</span> <span class='ocrx_word' id='word_1_190' title='bbox 1051 1808 1159 1831; x_wconf 79' lang='lat' dir='ltr'>suum</span> <span class='ocrx_word' id='word_1_191' title='bbox 1181 1795 1381 1832; x_wconf 86' lang='lat' dir='ltr'>consilium</span> 
     </span>
     <span class='ocr_line' id='line_1_28' title="bbox 239 1855 1382 1905; baseline -0.002 -12"><span class='ocrx_word' id='word_1_192' title='bbox 239 1856 417 1893; x_wconf 79' lang='lat' dir='ltr'>laudibus</span> <span class='ocrx_word' id='word_1_193' title='bbox 442 1856 629 1901; x_wconf 82' lang='lat' dir='ltr'>ferebant,</span> <span class='ocrx_word' id='word_1_194' title='bbox 658 1855 830 1905; x_wconf 82' lang='lat' dir='ltr'>quod&#39;se</span> <span class='ocrx_word' id='word_1_195' title='bbox 858 1856 990 1892; x_wconf 83' lang='lat' dir='ltr'>castris</span> <span class='ocrx_word' id='word_1_196' title='bbox 1020 1856 1254 1898; x_wconf 84' lang='lat' dir='ltr'>tenuissent;</span> <span class='ocrx_word' id='word_1_197' title='bbox 1287 1856 1382 1892; x_wconf 82' lang='lat' dir='ltr'>niul·</span> 
     </span>
     <span class='ocr_line' id='line_1_29' title="bbox 240 1916 1384 1966; baseline -0.001 -13"><span class='ocrx_word' id='word_1_198' title='bbox 240 1923 399 1965; x_wconf 87' lang='lat' dir='ltr'>tumque</span> <span class='ocrx_word' id='word_1_199' title='bbox 420 1929 551 1952; x_wconf 83' lang='lat' dir='ltr'>eorum</span> <span class='ocrx_word' id='word_1_200' title='bbox 584 1916 804 1966; x_wconf 88' lang='lat' dir='ltr'>opinionem</span> <span class='ocrx_word' id='word_1_201' title='bbox 831 1916 1048 1965; x_wconf 76' lang='lat' dir='ltr'>adjuvabat,</span> <span class='ocrx_word' id='word_1_202' title='bbox 1083 1916 1184 1966; x_wconf 86' lang='lat' dir='ltr'>quod</span> <span class='ocrx_word' id='word_1_203' title='bbox 1211 1916 1293 1953; x_wconf 89' lang='lat' dir='ltr'>sine</span> <span class='ocrx_word' id='word_1_204' title='bbox 1322 1918 1384 1965; x_wconf 89' lang='lat' dir='ltr'>ju-</span> 
     </span>
     <span class='ocr_line' id='line_1_30' title="bbox 241 1976 1384 2026; baseline 0.004 -13"><span class='ocrx_word' id='word_1_205' title='bbox 241 1977 381 2013; x_wconf 87' lang='lat' dir='ltr'>mentis</span> <span class='ocrx_word' id='word_1_206' title='bbox 410 1976 767 2026; x_wconf 86' lang='lat' dir='ltr'>impedimentisque</span> <span class='ocrx_word' id='word_1_207' title='bbox 794 1977 841 2014; x_wconf 85' lang='lat' dir='ltr'>ad</span> <span class='ocrx_word' id='word_1_208' title='bbox 870 1978 941 2013; x_wconf 87' lang='lat' dir='ltr'>iter</span> <span class='ocrx_word' id='word_1_209' title='bbox 967 1977 1161 2026; x_wconf 84' lang='lat' dir='ltr'>profectos</span> <span class='ocrx_word' id='word_1_210' title='bbox 1189 1978 1384 2023; x_wconf 74' lang='lat' dir='ltr'>videbant,</span> 
     </span>
     <span class='ocr_line' id='line_1_31' title="bbox 243 2036 1383 2087; baseline -0.001 -13"><span class='ocrx_word' id='word_1_211' title='bbox 243 2044 299 2082; x_wconf 90' lang='lat' dir='ltr'>ut,</span> <span class='ocrx_word' id='word_1_212' title='bbox 326 2049 403 2073; x_wconf 88' lang='lat' dir='ltr'>non</span> <span class='ocrx_word' id='word_1_213' title='bbox 430 2049 542 2086; x_wconf 88' lang='lat' dir='ltr'>posse</span> <span class='ocrx_word' id='word_1_214' title='bbox 562 2036 705 2074; x_wconf 88' lang='lat' dir='ltr'>diutius</span> <span class='ocrx_word' id='word_1_215' title='bbox 725 2037 891 2087; x_wconf 81' lang='lat' dir='ltr'>inopiam</span> <span class='ocrx_word' id='word_1_216' title='bbox 911 2037 1112 2082; x_wconf 82' lang='lat' dir='ltr'>sustinere,</span> <span class='ocrx_word' id='word_1_217' title='bbox 1133 2037 1383 2074; x_wconf 88' lang='lat' dir='ltr'>confiderent.</span> 
     </span>
     <span class='ocr_line' id='line_1_32' title="bbox 245 2095 1384 2147; baseline -0.001 -13"><span class='ocrx_word' id='word_1_218' title='bbox 245 2095 337 2140; x_wconf 85' lang='lat' dir='ltr'>Sed,</span> <span class='ocrx_word' id='word_1_219' title='bbox 357 2095 421 2133; x_wconf 83' lang='lat' dir='ltr'>ubi</span> <span class='ocrx_word' id='word_1_220' title='bbox 436 2096 630 2146; x_wconf 83' lang='lat' dir='ltr'>paullatim</span> <span class='ocrx_word' id='word_1_221' title='bbox 647 2097 860 2147; x_wconf 88' lang='lat' dir='ltr'>retorqueri</span> <span class='ocrx_word' id='word_1_222' title='bbox 881 2110 1017 2146; x_wconf 79' lang='lat' dir='ltr'>agmen</span> <span class='ocrx_word' id='word_1_223' title='bbox 1034 2097 1082 2134; x_wconf 81' lang='lat' dir='ltr'>ad</span> <span class='ocrx_word' id='word_1_224' title='bbox 1098 2098 1271 2134; x_wconf 84' lang='lat' dir='ltr'>dextram</span> <span class='ocrx_word' id='word_1_225' title='bbox 1293 2110 1384 2133; x_wconf 90' lang='lat' dir='ltr'>con-</span> 
     </span>
     <span class='ocr_line' id='line_1_33' title="bbox 243 2156 1385 2206; baseline -0.001 -13"><span class='ocrx_word' id='word_1_226' title='bbox 243 2164 469 2206; x_wconf 82' lang='lat' dir='ltr'>spexerunt,</span> <span class='ocrx_word' id='word_1_227' title='bbox 492 2158 648 2205; x_wconf 77' lang='lat' dir='ltr'>jamque</span> <span class='ocrx_word' id='word_1_228' title='bbox 667 2156 809 2206; x_wconf 86' lang='lat' dir='ltr'>primos</span> <span class='ocrx_word' id='word_1_229' title='bbox 828 2170 1006 2206; x_wconf 78' lang='lat' dir='ltr'>superare</span> <span class='ocrx_word' id='word_1_230' title='bbox 1026 2156 1221 2206; x_wconf 83' lang='lat' dir='ltr'>regionem</span> <span class='ocrx_word' id='word_1_231' title='bbox 1242 2164 1385 2193; x_wconf 85' lang='lat' dir='ltr'>castro-</span> 
     </span>
     <span class='ocr_line' id='line_1_34' title="bbox 244 2215 1385 2264; baseline 0 -10"><span class='ocrx_word' id='word_1_232' title='bbox 244 2228 330 2255; x_wconf 84' lang='lat' dir='ltr'>rum</span> <span class='ocrx_word' id='word_1_233' title='bbox 345 2215 707 2263; x_wconf 86' lang='lat' dir='ltr'>animadverterunt,</span> <span class='ocrx_word' id='word_1_234' title='bbox 727 2229 840 2255; x_wconf 88' lang='lat' dir='ltr'>nemo</span> <span class='ocrx_word' id='word_1_235' title='bbox 861 2224 941 2254; x_wconf 86' lang='lat' dir='ltr'>erat</span> <span class='ocrx_word' id='word_1_236' title='bbox 961 2217 1058 2254; x_wconf 84' lang='lat' dir='ltr'>adeo</span> <span class='ocrx_word' id='word_1_237' title='bbox 1078 2217 1222 2264; x_wconf 77' lang='lat' dir='ltr'>tardus,</span> <span class='ocrx_word' id='word_1_238' title='bbox 1242 2225 1307 2254; x_wconf 87' lang='lat' dir='ltr'>aut</span> <span class='ocrx_word' id='word_1_239' title='bbox 1329 2217 1385 2258; x_wconf 81' lang='lat' dir='ltr'>fu-</span> 
     </span>
    </p>
   </div>
  </div>
 </body>
</html>
