1472 2664
247 266 320 302 238
553 264 779 304 INCERTI
807 263 1052 304 AUCTORI
1058 264 1084 301 S

241 372 316 412 tur,
349 372 475 403 tamen
496 368 636 418 repulsi
655 368 874 414 adversarii,
898 368 998 406 bene
1017 365 1146 404 multis
1165 366 1385 405 vulneribus

239 425 379 471 affecti,
415 426 452 463 in
473 428 655 478 oppidum
674 441 715 466 se
735 428 992 467 contulerunt.

292 487 404 524 XIII.
446 487 606 526 Postero
626 489 688 527 die
708 489 911 540 Pompeius
930 501 979 526 ex
996 488 1130 527 castris
1147 489 1224 527 suis
1236 489 1387 527 brachi·

241 562 303 586 um
323 549 452 600 coepit
479 548 527 586 ad
554 549 696 587 flumen
717 549 867 588 Salsum
887 550 1053 588 ducere:
1081 557 1136 595 et,
1165 563 1281 600 quum
1301 562 1387 587 nos-

239 610 287 646 tri
307 610 454 660 equites
474 611 586 660 pauci
607 612 643 648 in
663 611 828 649 statione
845 611 1006 649 fuissent
1023 624 1047 649 a
1065 611 1236 662 pluribus
1255 623 1386 662 reper-

241 670 284 714 ti,
308 670 356 707 de
375 669 538 708 statione
556 679 644 708 sunt
663 671 818 721 dejecti,
845 678 883 708 et
903 671 1020 708 occisi
1040 678 1129 708 tres.
1175 670 1234 707 Eo
1253 669 1316 706 die
1337 671 1387 707 A.

237 730 409 780 Valgius,
429 731 615 769 senatoris
633 731 746 778 filius,
780 734 891 782 cujus
910 731 1028 769 frater
1055 731 1093 768 in
1112 732 1245 770 castris
1272 731 1387 768 Pom-

238 787 315 838 peii
342 787 489 835 suisset,
520 789 694 828 omnibus
717 790 793 828 suis
812 791 926 827 rebus
945 791 1101 837 relictis,
1131 803 1274 842 equum
1294 804 1386 828 con-

237 848 399 895 scendit,
417 857 456 886 et
470 849 491 885 s
489 849 581 900 ugit.
623 850 850 901 Speculator
864 852 911 889 de
924 851 1076 901 legione
1091 851 1260 889 secunda
1275 851 1386 889 Pom·

237 908 375 958 peiana
391 916 527 959 captus
546 923 568 947 a
586 910 768 947 militibus
788 919 826 948 et
845 911 1069 948 interfectus
1088 917 1158 947 est.
1202 909 1387 961 Idemque

239 969 421 1020 temporis
448 969 555 1019 glans
575 971 689 1008 missa
707 979 779 1018 est,
807 971 1004 1022 inscripta,
1036 983 1112 1021 quo
1131 970 1193 1008 die
1211 971 1261 1009 ad
1279 971 1386 1022 oppi-

237 1030 328 1068 dum
348 1030 577 1082 capiendum
597 1033 842 1079 accederent,
869 1045 952 1070 sese
971 1039 1124 1070 scutum
1143 1044 1226 1070 esse
1243 1032 1387 1083 positu-

238 1105 334 1128 rum.
371 1094 457 1135 Qua
471 1105 538 1143 spe
553 1092 741 1139 nonnulli,
760 1093 850 1131 dum
866 1093 947 1132 sine
965 1092 1137 1144 periculo
1152 1105 1302 1130 murum
1320 1092 1386 1130 ad-

239 1151 439 1198 scendero,
460 1160 498 1190 et
512 1153 693 1203 oppidum
710 1153 837 1204 potiri,
857 1166 969 1205 posse
983 1167 1024 1191 se
1043 1162 1211 1205 sperant,
1230 1161 1385 1205 postero

236 1212 298 1250 die
318 1213 365 1250 ad
385 1226 533 1250 murum
553 1226 648 1263 opus
667 1214 794 1252 facere
814 1222 1038 1264 coeperunt,
1071 1222 1110 1252 et
1127 1215 1226 1252 bene
1245 1227 1386 1265 magna

238 1273 376 1324 prioris
395 1273 492 1310 muri
512 1285 597 1323 pars
617 1274 770 1324 dejecta
788 1281 847 1312 est
874 1277 897 1300 *
919 1302 929 1312 .
982 1276 1070 1317 Quo
1087 1275 1190 1313 facto
1209 1276 1256 1313 ab
1277 1275 1385 1326 oppi-

238 1333 360 1380 danis,
380 1346 425 1371 ac
441 1333 471 1370 si
487 1346 639 1370 suarum
659 1334 824 1385 partium
845 1342 985 1380 essent,
1005 1335 1233 1381 conservati,
1251 1334 1385 1372 missos

232 1393 361 1432 facere
379 1394 572 1441 loricatos,
592 1395 733 1446 quique
752 1395 931 1446 praesidii
947 1408 1081 1433 caussa
1094 1395 1301 1446 praepositi
1316 1409 1383 1446 op·-

235 1454 326 1504 pido
346 1468 369 1492 a
396 1454 581 1505 Pompeio
609 1464 751 1501 essent,
784 1458 958 1494 orabant.
1011 1457 1159 1498 Quibus
1184 1457 1381 1507 respondit

234 1515 390 1561 Caesar,
410 1528 450 1553 se
479 1516 719 1554 conditiones
738 1517 842 1564 dare,
861 1531 938 1555 non
957 1518 1147 1568 accipere,
1166 1517 1384 1555 consuevis-

232 1587 287 1612 se.
327 1575 403 1617 Qui
419 1589 533 1627 quum
550 1577 587 1614 in
607 1578 790 1628 oppidum
809 1578 1069 1624 revertissent,
1088 1578 1210 1616 relato
1228 1591 1383 1629 respon·

231 1648 288 1681 so,
303 1636 470 1674 clamore
485 1637 649 1684 sublato,
664 1639 766 1675 omni
782 1652 924 1689 genere
937 1639 1102 1676 telorum
1116 1638 1268 1686 emisso,
1286 1652 1383 1690 pug-

232 1709 323 1734 nare
339 1710 407 1748 pro
420 1711 528 1735 muro
544 1705 625 1736 toto
639 1708 870 1750 coeperunt:
892 1708 1050 1751 propter
1064 1700 1167 1751 quod
1181 1700 1262 1738 fere
1276 1714 1382 1751 mag-

233 1771 283 1796 na
297 1772 383 1809 pars
398 1760 609 1806 hominum,
629 1761 692 1811 qui
710 1761 745 1797 in
765 1761 897 1798 castris
913 1761 1048 1798 nostris
1064 1767 1204 1807 essent,
1223 1773 1300 1798 non
1312 1762 1382 1799 du-

237 1820 422 1865 bitarunt,
443 1820 532 1871 quin
553 1820 792 1872 eruptionem
812 1834 859 1858 eo
878 1821 941 1859 die
956 1829 1082 1859 essent
1100 1821 1254 1860 facturi.
1307 1822 1383 1869 Ita,

238 1893 381 1918 corona
411 1881 659 1927 circumdata,
692 1890 904 1933 pugnatum
924 1889 982 1920 est
1006 1881 1239 1933 aliquamdiu
1265 1883 1381 1920 vehe-

232 1941 481 1988 mentissime,
511 1942 699 1993 simulque
725 1943 875 1988 balista,
894 1943 1008 1980 missa
1025 1955 1048 1979 a
1066 1942 1217 1989 nostris,
1237 1950 1380 1982 turrem

235 2004 401 2053 dejecit:
434 2017 510 2054 qua
535 2004 853 2050 adversariorum,
886 2003 950 2054 qui
971 2004 1009 2040 in
1028 2015 1074 2040 ea
1092 2011 1195 2041 turre
1215 2003 1380 2051 fuerant,

233 2076 261 2100 v
284 2064 425 2114 dejecti
444 2072 546 2110 sunt,
578 2071 617 2102 et
634 2077 743 2114 puer,
776 2064 840 2115 qui
858 2064 1033 2102 balistam
1062 2063 1195 2101 solitus
1213 2072 1295 2102 erat
1312 2065 1379 2102 ob-

231 2136 396 2161 servare.

282 2184 390 2222 XIV.
443 2184 502 2222 Eo
527 2185 734 2235 praeterito
753 2192 940 2236 tempore,
961 2185 1164 2236 Pompeius
1184 2191 1287 2222 trans
1306 2185 1378 2222 flu-

231 2258 319 2283 men
341 2244 487 2282 Salsum
507 2246 703 2283 castellum
719 2246 940 2289 constituit3
959 2259 1084 2297 neque
1099 2258 1121 2284 a
1134 2245 1273 2283 nostris
1291 2259 1378 2296 pro-

232 2306 389 2353 hibitus,
408 2306 579 2357 falsaque
598 2307 661 2345 illa
679 2307 859 2359 opinione
873 2307 1058 2358 gloriatus
1076 2314 1148 2356 est,
1167 2307 1270 2359 quod
1287 2321 1375 2359 pro-
