1472 2664
340 269 415 308 DE
442 268 622 308 BELLO
651 269 790 308 HISP.
817 268 996 307 LIBER.
1170 273 1247 311 245

97 385 172 411 nec
190 372 452 411 detinentibus
471 375 495 399 '¹¹‘
523 373 674 420 nostris,
693 372 822 410 multis
841 372 927 410 telis
946 372 1113 422 injectis,
1143 386 1249 411 com·

98 434 226 484 plures
241 433 459 471 vulneribus
478 434 651 473 affecere.
681 433 777 470 -Hic
797 442 939 478 tamen,
959 440 1001 469 ut
1015 432 1068 469 ait
1088 433 1250 479 Ennius,

99 494 231 532 Nostri
251 507 402 532 cessere
421 507 637 545 parumper.
689 493 841 544 Itaque,
868 500 1021 543 praeter
1040 500 1248 531 consuetu-

99 554 243 601 dinem,
276 569 393 606 quum
412 568 435 592 a
453 555 591 593 nostris
618 554 922 592 animadversum
954 560 1068 599 esset,
1096 553 1251 599 cedere,

99 616 344 653 centuriones
363 629 412 653 ex
428 616 579 667 legione
599 627 625 652 v
644 614 786 652 fiumen
806 614 1030 664 transgressi
1045 614 1121 650 duo
1140 613 1250 650 resti-

97 682 256 714 tuerunt
274 677 397 715 aciem
413 693 422 721 3
441 677 657 727 acriterque
673 676 814 713 eximia
828 676 969 713 virtute
988 676 1116 727 plures
1132 689 1250 726 quum

99 742 273 785 agerent,
306 750 355 773 ex
375 736 571 787 superiore
590 736 677 773 loco
695 735 940 773 multitudine
971 736 1136 773 telorum
1155 736 1252 774 alter

97 807 230 833 eorum
251 796 432 834 concidit.
489 797 559 842 Ita,
579 810 697 847 quum
715 796 747 833 is
766 809 923 847 compar
941 796 1127 846 proelium
1147 796 1250 833 face-

96 868 138 893 re
154 857 356 907 coepisset,
372 865 410 894 et
426 870 542 907 quum
559 857 728 907 undique
743 869 783 894 se
800 857 1065 894 circumveniri
1080 856 1250 894 animad-

95 918 286 962 vertisset,
313 930 519 968 parumper
538 918 746 968 ingressus,
773 917 911 968 pedem
938 916 1108 954 offendit.
1163 916 1249 954 Hu-

90 977 155 1026 jus
171 977 410 1015 concidentis
424 977 495 1014 viri
514 991 605 1016 casu
624 978 761 1028 passim
778 977 923 1023 audito,
944 990 1061 1027 quum
1078 977 1251 1027 complu-

95 1049 155 1074 res
174 1037 476 1076 adversariorum
496 1051 726 1076 concursum
744 1038 932 1084 facerent,
958 1037 1108 1088 equites
1127 1037 1249 1075 nostri

96 1098 324 1148 transgressi
343 1099 524 1137 interiore
544 1100 631 1137 loco
652 1098 889 1137 adversarios
907 1099 956 1136 ad
974 1099 1114 1136 vallum
1134 1111 1250 1149 agere

97 1167 322 1209 coeperunt.
375 1159 448 1205 Ita,
468 1160 559 1197 dum
579 1160 753 1211 cupidIus
772 1160 872 1197 intra
889 1159 1079 1210 praesidia
1097 1159 1249 1197 illorum

95 1220 251 1257 student
270 1220 428 1257 caedem
444 1220 584 1267 facere,
605 1233 627 1258 a
646 1220 780 1258 turmis
795 1228 834 1258 et
852 1221 926 1258 levi
945 1228 1138 1258 armatura
1156 1228 1246 1258 sunt

94 1280 305 1318 interclusi.
342 1282 515 1323 Quorum
531 1281 601 1319 nisi
617 1293 763 1319 summa
774 1281 892 1319 virtus
905 1281 1054 1327 fuisset,
1070 1281 1142 1318 vivi
1157 1294 1247 1333 cap-

94 1341 124 1378 ti
143 1348 282 1379 essent.
338 1340 438 1378 Nam
458 1349 497 1379 et
517 1342 729 1380 munitione
748 1342 926 1393 praesidii
946 1343 999 1379 ita
1017 1350 1250 1392 coangusta-

93 1405 249 1451 bantur,
278 1412 319 1442 ut
338 1418 470 1455 eques,
496 1406 620 1456 spatio
647 1406 870 1452 intercluso,
898 1406 961 1443 vix
982 1419 1022 1443 se
1042 1406 1249 1444 defendere

93 1473 236 1518 posset.
272 1465 335 1503 Ex
350 1466 408 1503 his
420 1474 583 1516 utroque
602 1480 745 1516 genere
762 1479 914 1517 pugnae
930 1467 1146 1517 complures
1161 1475 1250 1505 sunt

94 1527 313 1564 vulneribus
328 1526 468 1573 affecti,
488 1527 524 1563 in
542 1528 626 1577 quis
645 1528 760 1565 etiam
777 1527 934 1565 Clodius
955 1527 1160 1577 Aquitius:
1191 1528 1247 1564 in-

95 1595 154 1625 ter
180 1600 275 1638 quos
303 1587 356 1625 ita
375 1588 586 1625 comminus
612 1595 669 1625 est
696 1596 924 1639 pugnatum,
955 1596 998 1625 ut
1016 1600 1065 1625 ex
1096 1589 1250 1635 nostris,

95 1655 249 1698 praeter
267 1660 300 1685 11
321 1649 578 1694 centuriones,
599 1648 646 1686 sit
662 1662 774 1686 nemo
795 1649 1045 1693 desideratus,
1065 1648 1187 1699 gloria
1205 1662 1246 1686 se

97 1709 313 1747 efferentes.

152 1770 297 1807 XXIV.
351 1770 511 1808 Postero
532 1770 593 1807 die
613 1771 659 1808 ab
682 1770 872 1808 Soricaria
891 1778 1140 1822 utrorumque
1157 1785 1248 1809 con-

99 1843 241 1868 venere
274 1831 422 1881 copiae.
493 1831 626 1868 Nostri
656 1832 813 1869 brachia
845 1832 986 1869 ducere
1024 1840 1248 1882 coeperunt.

101 1891 308 1941 Pompeius
332 1905 449 1942 quum
483 1892 816 1937 animadverteret,
845 1892 1002 1930 castello
1022 1905 1062 1929 sc
1093 1892 1249 1931 excludi

99 1953 285 2003 Aspavia,
319 1953 422 2003 quod
442 1962 500 1990 est
518 1954 565 1990 ab
588 1953 714 1991 Ucubi
744 1953 860 1990 millia
878 1965 1056 2004 passuum
1078 1966 1118 1999 v,
1153 1954 1249 1992 haec

96 2026 157 2050 res
176 2014 392 2051 necessario
424 2014 651 2059 devocabat,
680 2021 722 2050 ut
741 2015 789 2051 ad
808 2013 1066 2051 dimicandum
1087 2015 1249 2052 descen-

96 2074 217 2111 deret.
256 2074 392 2124 Neque
412 2083 540 2112 tamen
559 2088 682 2125 aequo
697 2075 783 2113 loco
803 2075 860 2112 sui
881 2082 1112 2125 potestatem
1132 2075 1247 2114 facie-

96 2136 176 2180 bat,
204 2135 271 2172 sed
291 2148 340 2172 ex
359 2148 495 2186 grumo
524 2137 721 2173 excelsum
751 2136 940 2173 tumulum
970 2136 1159 2186 capiebat,
1190 2149 1250 2174 us-

97 2207 171 2245 que
186 2207 246 2240 eo,
268 2204 310 2233 ut
329 2197 543 2234 necessario
559 2205 762 2246 cogeretur
779 2196 950 2247 iniquum
968 2197 1094 2234 locum
1110 2197 1251 2234 subire.

97 2257 185 2297 Quo
219 2257 314 2305 [de]
344 2257 461 2301 facto,
491 2270 606 2308 quum
627 2265 874 2308 utrorumque
895 2257 1028 2308 copiae
1059 2258 1247 2295 tumulum

98 2315 354 2353 excell-entem
376 2318 574 2367 petissent,
594 2317 774 2368 prohibiti
794 2330 816 2355 a
835 2318 974 2355 nostris
992 2324 1094 2365 sunt,
1122 2317 1249 2367 dejec-
