1472 2664
260 229 334 265 232
564 225 789 264 INCERTI
818 225 1096 264 AUCTORIS

255 328 329 366 sari
348 328 496 366 obviam
516 328 694 366 veniunt:
726 341 748 366 a
767 329 903 380 quibus
923 329 1188 375 nunciabatur,
1209 337 1398 368 nocturno

256 397 427 440 tempore
447 389 628 441 oppidum
649 389 868 426 Cordubam
888 389 971 440 capi
991 401 1115 440 posse,
1145 390 1247 440 quod
1266 403 1338 428 nec
1358 404 1398 428 o-

255 451 473 500 pinantibus
503 450 725 488 adversariis
754 452 835 500 ejus
863 450 1083 501 provinciae
1114 451 1259 500 potitus
1284 459 1398 495 esset,

254 511 441 562 simulque
461 520 593 562 captos
614 511 842 556 tabellarios,
862 510 925 562 qui
939 523 962 548 a
976 511 1047 549 Cn.
1067 510 1250 562 Pompeio
1270 512 1396 563 dispo-

254 572 314 609 siti
335 572 509 609 omnibus
528 571 621 610 locis
641 579 780 618 essent,
809 585 884 622 quo
904 571 1106 609 certiorem
1127 572 1198 609 Cn.
1220 572 1396 624 Pompei-

254 646 315 669 um
336 632 384 669 de
412 632 584 670 Caesaris
614 633 780 670 adventu
807 632 992 670 facerent.
1046 631 1171 670 Multa
1198 642 1397 684 praeterea

252 693 468 731 verisimilia
484 694 762 744 proponebant.
795 693 943 735 Quibus
958 693 1070 730 rebus
1082 693 1287 741 adductus,
1304 708 1399 746 quos

251 755 398 805 legatos
418 762 507 791 ante
534 754 721 792 exercitui
749 754 1002 804 praefecerat,
1035 756 1082 797 Q.
1104 754 1263 792 Pedium
1284 763 1323 794 et
1349 757 1395 799 Q.

254 815 413 852 Fabium
434 814 662 861 Maximum,
683 815 730 852 de
745 827 814 852 suo
832 815 998 852 adventu
1017 815 1109 853 facit
1124 816 1320 863 certiores,
1341 824 1396 863 ut,

252 889 365 926 quem
387 875 458 912 sibi
479 875 689 926 equitatum
710 889 758 913 ex
778 876 973 926 provincia
991 876 1185 922 fecissent,
1209 877 1398 928 praesidio

255 936 475 974 mitterent:
508 936 557 974 ad
582 949 676 987 quos
703 937 880 982 celerius,
906 950 1018 987 quam
1039 937 1109 988 ipsi
1128 937 1272 988 opinati
1291 946 1394 983 sunt,

251 996 587 1048 appropinquavit,
607 1010 745 1048 neque,
766 1004 807 1034 ut
827 997 908 1048 ipse
927 997 1061 1044 voluit,
1091 998 1304 1048 equitatum
1323 998 1395 1035 sibi

249 1057 440 1108 praesidio
459 1057 605 1095 habuit.

301 1118 373 1155 111.
429 1118 524 1156 Erat
544 1119 643 1156 idem
665 1119 845 1170 temporiS
867 1119 1008 1157 Sextus
1029 1118 1235 1170 Pompeius
1262 1120 1394 1167 frater,

250 1180 314 1230 qui
335 1193 421 1217 cum
441 1180 631 1230 praesidio
652 1180 870 1218 Cordubam
890 1181 1060 1226 tenebat,
1083 1181 1187 1230 quod
1207 1183 1288 1231 ejus
1308 1194 1397 1231 pro-

248 1241 396 1278 vinciae
410 1248 525 1292 caput
541 1254 622 1278 esse
636 1241 943 1279 existimabatur:
960 1241 1038 1292 ipse
1052 1248 1179 1278 autem
1198 1242 1269 1279 Cn.
1283 1241 1396 1279 Pom-

247 1302 355 1352 peius
374 1302 598 1340 adolescens
619 1303 745 1341 Uliam
766 1302 947 1353 oppidum
968 1303 1229 1354 oppugnabat,
1258 1311 1297 1341 et
1314 1303 1395 1341 fere

243 1365 322 1412 jam
343 1363 488 1414 aliquot
507 1364 700 1400 mensibus
720 1363 772 1401 ibi
796 1363 1050 1402 detinebatur.
1109 1365 1196 1406 Quo
1217 1377 1265 1401 ex
1286 1363 1394 1415 oppi-

247 1424 310 1470 do,
343 1424 499 1474 cognito
520 1424 692 1461 Caesaris
713 1424 892 1470 adventu,
925 1424 1056 1475 legati,
1089 1424 1186 1461 clam
1207 1424 1395 1476 praesidia

248 1485 319 1522 Cn.
339 1484 527 1535 Pompeii,
548 1485 750 1522 Caesarem
768 1498 883 1536 quum
903 1485 1086 1531 adissent,
1105 1492 1238 1536 petere
1255 1498 1393 1536 coepe-

247 1555 348 1592 runt,
370 1547 424 1584 uti
440 1546 509 1583 sibi
530 1546 652 1596 primo
672 1559 825 1597 quoque
845 1553 1016 1596 tempore
1036 1546 1245 1584 subsidIum
1265 1546 1393 1584 mitte-

245 1617 317 1645 ret.
364 1608 520 1652 Caesar,
549 1620 632 1644 eam
652 1607 846 1645 civitatem
866 1607 968 1644 omni
988 1615 1158 1657 tempore
1179 1607 1323 1658 optime
1342 1607 1390 1645 de

245 1669 386 1720 populo
409 1669 585 1706 Romano
605 1669 777 1706 meritam
797 1681 880 1706 esse
898 1668 1036 1714 sciens,
1066 1668 1244 1706 celeriter
1263 1680 1301 1704 vi
1323 1680 1389 1705 co·

245 1731 374 1767 hortes
391 1730 560 1767 secunda
579 1729 707 1779 vigilia
722 1730 835 1779 jubet
850 1729 1052 1780 proficisci,
1072 1729 1229 1780 parique
1245 1728 1394 1779 equites

245 1804 428 1835 numero3
460 1790 598 1842 quibus
626 1789 813 1840 praefecit
840 1790 1034 1828 hominem
1061 1791 1145 1840 ejus
1173 1789 1393 1840 provinciae

243 1859 390 1897 notum,
411 1861 450 1890 et
464 1864 540 1888 non
557 1863 689 1901 parum
710 1850 910 1896 scientem,
929 1850 976 1887 L.
994 1850 1153 1887 Junium
1174 1849 1394 1888 Paciecum.

244 1912 318 1954 Qui
339 1925 454 1962 quum
474 1911 524 1949 ad
544 1912 615 1949 Cn.
646 1910 819 1961 Pompeii
838 1910 1025 1961 praesidia
1043 1910 1224 1956 venisset,
1256 1910 1392 1950 incidit

241 1973 341 2010 idem
362 1972 557 2023 temporiS,
592 1980 634 2009 ut
652 1979 880 2022 tempestate
907 1971 1068 2009 adversa
1096 1970 1392 2023 vehementique

246 2040 361 2069 vento
381 2031 648 2069 afflictaretur:
678 2044 790 2083 quem
807 2031 861 2068 vis
881 2031 1119 2082 tempestatis
1140 2031 1192 2069 ita
1210 2031 1390 2068 obscura-

240 2093 320 2139 bat,
353 2100 395 2129 ut
425 2093 487 2128 vix
518 2092 731 2142 proximum
760 2105 970 2142 agnoscere
989 2100 1131 2143 posset.
1185 2091 1305 2141 Cujus
1330 2090 1387 2128 in·

242 2152 487 2190 commodum
508 2166 693 2190 summam
710 2153 913 2191 utilitatem
935 2153 1025 2204 ipsis
1040 2152 1260 2204 praebebat.
1314 2151 1389 2197 Ita,

243 2228 359 2265 quum
379 2214 427 2251 ad
443 2227 529 2251 eum
546 2214 671 2251 locum
688 2222 890 2260 venerunt,
906 2215 1017 2264 jubet
1036 2214 1146 2252 binos
1165 2213 1313 2264 equites
1333 2212 1390 2249 in-

242 2275 397 2323 cedere,
427 2281 466 2314 et
485 2282 591 2313 recta
609 2288 678 2327 per
706 2276 1008 2315 adversariorum
1037 2274 1225 2328 praesidia
1243 2274 1292 2313 ad
1319 2286 1389 2324 ope·
