1472 2664
225 289 275 329 78
557 286 632 324 DE
674 286 854 326 BELLO
897 288 1066 327 CIVILI

225 390 351 437 tridie,
380 389 529 428 eductis
549 391 724 429 omnibus
744 391 878 442 copiis,
906 393 988 430 acie
1009 393 1207 439 instructa,
1228 393 1363 432 decer-

223 452 340 490 nendi
360 459 590 502 potestatem
611 452 796 503 Pompeio
815 452 920 490 fecit.
963 453 1039 491 Ubi
1059 453 1163 491 illum
1183 455 1260 492 suis
1277 455 1371 493 locis

222 525 263 550 se
283 520 415 550 tenere
435 513 716 558 animadvertit,
737 513 898 550 reducto
919 514 955 550 in
976 521 1102 551 castra
1121 515 1310 561 exercitu,
1330 528 1370 553 a·

222 573 303 611 liud
317 574 388 610 sibi
404 574 603 612 consilium
618 575 845 625 capiendum
858 574 1102 611 existimavit.
1129 574 1266 626 Itaque
1281 588 1369 626 pos-

224 642 308 672 tero
337 635 397 673 die
417 635 594 673 omnibus
615 635 747 686 copiis,
776 648 916 686 magno
937 635 1114 681 circuitu,
1134 635 1277 673 difficili
1297 649 1364 674 an-

219 704 411 748 gustoque
429 697 578 743 itinere,
595 696 880 747 Dyrrhachium
898 696 1093 747 profectus
1108 704 1179 742 est,
1196 709 1365 748 sperans,

226 756 455 808 Pompeium
477 765 544 795 aut
562 757 848 808 Dyrrhachium
877 757 1068 807 compelli,
1089 765 1155 795 aut
1174 758 1221 795 ab
1242 770 1288 795 eo
1308 758 1365 795 in-

219 819 398 865 tercludi,
423 831 549 870 posse,
575 819 678 869 quod
706 831 858 855 omnem
880 826 1135 855 commeatum
1165 819 1361 870 totiusque

217 880 309 917 belli
335 887 559 930 apparatum
580 880 611 917 is
631 894 677 917 eo
699 879 946 923 contulisset3
982 887 1025 916 ut
1051 879 1204 916 accidit.
1249 879 1367 917 Pom·

218 940 325 992 peius
354 941 469 987 enim,
497 941 620 992 primo
640 941 820 991 ignorans
840 942 921 990 ejus
940 940 1155 984 consilium,
1183 941 1287 991 quod
1306 941 1363 978 di-

216 1015 326 1039 verso
343 1002 389 1039 ab
409 1015 455 1039 ea
471 1002 627 1052 regione
648 1002 784 1038 itinere
804 1001 1018 1051 profectum
1039 1001 1205 1046 videbat,
1226 1013 1365 1051 angus-

215 1062 278 1099 tiis
297 1063 352 1100 rei
371 1062 642 1100 frumentariae
670 1061 908 1111 compulsum
929 1061 1148 1099 discessisse
1167 1061 1364 1099 existima-

215 1123 303 1159 bat:
330 1130 464 1173 postea
494 1135 561 1173 per
581 1123 843 1173 exploratores
873 1122 1012 1159 certior
1044 1122 1182 1167 factus,
1211 1129 1366 1172 postero

215 1183 278 1220 die
298 1192 422 1221 castra
440 1184 573 1228 movit,
593 1183 766 1221 breviore
786 1183 921 1220 itinere
937 1195 977 1220 se
997 1195 1201 1220 occurrere
1220 1182 1255 1219 ei
1274 1195 1362 1233 pos-

215 1255 256 1280 se
275 1256 443 1294 sperans.
490 1243 605 1285 Quod
623 1243 705 1280 fore
720 1242 947 1292 suspicatus,
969 1243 1125 1288 Caesar,
1145 1242 1363 1293 militesque

215 1303 455 1349 adhortatus,
488 1312 530 1341 ut
558 1316 682 1353 aequo
708 1303 836 1340 animo
862 1302 1032 1339 laborem
1059 1302 1219 1348 ferrent,
1247 1314 1364 1352 parva

215 1372 325 1415 parte
357 1364 482 1401 noctis
510 1364 647 1402 itinere
680 1364 909 1409 intermisso,
937 1375 1048 1400 mane
1076 1363 1363 1414 Dyrrhachium

213 1425 332 1470 venit,
359 1438 475 1476 quum
495 1425 657 1475 primum
679 1437 817 1474 agmen
834 1423 1008 1474 Pompeii
1030 1423 1163 1473 procul
1183 1436 1362 1462 cernere-

213 1493 276 1522 tur
294 1501 303 1528 ;
330 1494 444 1536 atque
465 1486 516 1522 ibi
537 1494 663 1523 castra
682 1485 819 1536 posuit.

264 1545 391 1582 XLII.
436 1546 654 1596 Pompeius,
672 1545 900 1583 interclusus
916 1545 1174 1596 Dyrrhachio,
1192 1546 1255 1584 ubi
1271 1558 1360 1596 pro·

212 1607 379 1657 positum
398 1614 529 1644 tenere
546 1620 621 1643 non
636 1606 775 1657 potuit,
796 1607 965 1644 secundo
981 1619 1071 1643 usus
1087 1606 1260 1653 consilio,
1279 1607 1361 1644 edi-

212 1675 252 1705 to
272 1668 373 1712 loco,
394 1668 457 1718 qui
479 1667 693 1718 appellatur
714 1667 842 1713 Petra,
878 1667 1099 1718 aditumque
1119 1668 1234 1706 habet
1253 1668 1359 1705 navi-

212 1730 281 1766 bus
302 1729 549 1774 mediocrem,
574 1735 691 1778 atque
711 1740 775 1765 eas
795 1740 816 1765 a
836 1728 1061 1778 quibusdam
1080 1729 1248 1779 protegit
1266 1742 1358 1766 ven-

212 1790 274 1835 tis,
309 1797 433 1826 castra
453 1790 678 1827 communit.
734 1788 791 1825 Eo
811 1796 958 1839 partem
983 1789 1135 1827 navium
1154 1790 1355 1840 longarum

211 1852 431 1895 convenire,
452 1849 684 1887 frumentum
702 1857 1035 1901 commeatumque
1051 1851 1098 1888 ab
1115 1851 1221 1897 Asia,
1241 1858 1357 1903 atque

211 1912 387 1949 omnibus
408 1911 642 1961 regionibus,
673 1924 766 1962 quas
785 1912 954 1957 tenebat,
983 1913 1217 1963 comportari
1236 1912 1357 1963 impe-

210 1980 282 2010 rat.
338 1973 493 2017 Caesar,
526 1972 680 2022 longius
697 1972 841 2010 bellum
861 1972 1020 2010 ductum
1050 1973 1094 2010 iri
1114 1973 1354 2021 existimans,

211 2042 251 2072 et
267 2035 314 2071 de
329 2034 472 2071 Italicis
488 2033 762 2071 commeatibus
782 2033 1001 2084 desperans,
1021 2035 1124 2085 quod
1144 2041 1251 2072 tanta
1269 2035 1352 2073 dili-

211 2095 342 2145 gentia
371 2094 498 2131 omnia
518 2095 647 2131 littora
667 2107 689 2132 a
722 2094 963 2145 Pompeianis
982 2096 1225 2141 tenebantur,
1259 2096 1354 2134 clas-

210 2169 345 2206 sesque
366 2154 497 2206 ipsius,
519 2167 612 2204 quas
632 2155 758 2193 hieme
778 2156 814 2192 in
833 2155 976 2202 Sicilia,
997 2156 1135 2202 Gallia,
1157 2157 1279 2202 Italia,
1300 2157 1355 2194 fe-

210 2224 330 2260 cerat,
350 2215 611 2259 morabantur,
632 2216 668 2252 in
685 2215 840 2266 Epirum
862 2216 915 2253 rei
935 2216 1204 2254 frumentariae
1220 2230 1354 2255 caussa

210 2280 258 2320 Q.
279 2276 446 2313 'l‘ullium
460 2283 499 2313 et
518 2276 564 2312 L.
585 2276 812 2313 Canuleium
831 2277 998 2325 legatum
1018 2277 1119 2314 misit
1136 2291 1144 2314 ε
1173 2277 1354 2328 quodque

210 2338 283 2375 hae
302 2337 477 2388 regiones
497 2337 655 2375 aberant
673 2337 838 2388 longius,
857 2338 951 2376 locis
970 2339 1086 2377 certis
1104 2339 1242 2377 horrea
1261 2351 1353 2377 con-
