1472 2664
550 257 715 299 LIBER
769 258 800 294 1.
1186 259 1232 295 13

93 363 201 414 giens
227 360 380 406 laboris,
413 360 511 411 quin*
531 360 659 398 statim
688 359 821 398 castris
854 358 1086 404 exeundum,
1116 365 1232 408 atque

95 421 387 466 occurrendum,
414 427 606 471 putarent.
659 420 930 458 Conclamatur
949 419 996 456 ad
1015 432 1142 462 arma;
1176 425 1234 462 at·

95 495 169 533 que
189 495 318 520 omnes
351 480 497 531 copiae,
524 481 657 531 paucis
683 480 874 530 praesidio
902 479 1046 517 relictis
1065 479 1234 516 cohorti-

95 544 180 588 bus,
199 549 356 586 exeunt,
375 548 558 591 rectoque
576 541 624 578 ad
643 540 798 578 Iberum
817 539 952 580 itinere
980 539 1230 581 contendunt.

147 602 271 641 LXX.
325 601 420 638 Erat
439 601 476 637 in
492 601 688 638 celeritate
703 614 815 637 omne
833 600 998 650 positum
1025 607 1235 644 certarnen,

96 663 173 702 utri
192 661 296 713 prius
322 662 515 712 angustias
542 669 768 711 montesque
788 669 1046 711 occuparent:
1081 661 1148 697 sed
1168 673 1236 701 ex-

95 723 256 761 ercitum
285 723 458 760 Caesaris
477 723 621 759 viarum
641 721 882 758 difficuitates
909 721 1137 764 tardabant;
1166 720 1237 757 Af-

98 783 194 820 ranii
213 783 342 832 copias
367 782 559 832 equitatus
588 781 759 819 Caesaris
782 782 984 831 insequens
1002 781 1236 822 morabatur.

100 843 179 880 Res
197 850 325 880 tamen
340 843 387 882 ab
405 842 622 882 Afranianis
639 843 714 882 huc
728 849 809 880 erat
824 842 1039 879 necessario
1058 840 1238 885 deducta,

99 910 154 949 ut,
173 903 204 941 si
224 903 369 954 priores
387 910 550 949 montes,
578 916 673 954 quos
693 903 890 953 petebant,
909 902 1138 952 attigissent,
1166 901 1237 952 ipsi

98 964 310 1014 periculum
330 964 506 1009 vitarent,
525 963 798 1013 impedimenta
813 964 929 1000 totius
949 963 1155 1005 exercitus,
1175 974 1239 1000 co-

100 1024 304 1072 hortesque
319 1023 356 1060 in
373 1023 505 1060 castr1s
517 1023 682 1069 relictas,
701 1035 851 1060 servare
866 1036 942 1060 non
962 1015 1137 1072 possent;
1155 1022 1237 1072 qui-

100 1086 185 1131 bus,
201 1084 414 1122 interclusis
429 1084 603 1122 exercitu
624 1084 810 1129 Caesaris,
830 1083 1013 1121 auxilium
1029 1082 1118 1120 ferri
1137 1082 1242 1119 nulla

101 1145 247 1182 ratione
273 1152 437 1195 poterat,
490 1144 667 1182 confecit
694 1144 795 1194 prior
815 1144 886 1181 iter
917 1144 1081 1187 Caesar3
1111 1151 1240 1193 atque,

101 1218 152 1243 ex
180 1206 326 1255 magnis
353 1205 508 1255 rupibus
536 1213 671 1244 nactus
702 1205 911 1254 planitiem,
939 1205 977 1242 in
1006 1205 1079 1242 hac
1108 1213 1244 1242 contra

101 1266 250 1304 hostem
276 1266 399 1307 aciem
418 1265 582 1303 instruit.
638 1265 832 1311 Afranius,
860 1280 976 1316 quum
997 1267 1044 1303 ab
1063 1266 1239 1316 equitatu

102 1326 346 1365 novissimum
364 1338 500 1377 agmen
520 1334 772 1377 premeretur,
792 1334 832 1364 et
850 1335 998 1377 antese
1018 1327 1167 1365 hostem
1188 1327 1242 1363 vi-

104 1387 227 1432 deret,
255 1385 392 1424 collem
411 1387 599 1436 quendam
620 1394 769 1432 nactus,
799 1387 849 1425 ibi
869 1387 1052 1425 constitit.
1108 1387 1170 1424 Ex
1198 1400 1244 1425 eo

103 1447 191 1487 loco
219 1458 265 1483 1v
292 1454 523 1486 cetratorum
552 1447 730 1486 cohortes
751 1448 787 1485 in
807 1456 991 1495 montem,
1021 1449 1085 1499 qui
1105 1456 1187 1486 erat
1205 1448 1244 1485 in

107 1515 318 1559 conspectu
337 1507 507 1545 omnium
522 1508 814 1554 excelsissimus,
835 1509 963 1546 mittit.
1000 1509 1119 1547 Hunc
1139 1522 1246 1560 mag·

108 1582 159 1606 no
179 1581 292 1606 cursu
312 1568 524 1608 concitatos
546 1569 657 1618 jubet
685 1582 889 1620 occupare,
921 1584 968 1608 eo
988 1571 1160 1617 consilio,
1192 1571 1246 1609 uti

108 1630 188 1679 ipse
216 1629 352 1669 eodem
375 1629 550 1668 omnibus
577 1630 696 1680 copiis
715 1632 982 1677 contenderet,
1015 1640 1068 1678 et,
1101 1640 1248 1670 mutato

107 1689 258 1735 itinere,
273 1690 376 1739 jugis
396 1689 628 1739 Octogesam
649 1691 878 1740 perveniret.
908 1692 1026 1730 Hunc
1046 1707 1162 1743 quum
1183 1694 1250 1730 ob-

108 1750 212 1800 liquo
239 1750 374 1788 itinere
401 1750 537 1788 cetrati
565 1758 757 1801 peterent,
787 1752 1030 1802 conspicatus
1059 1753 1250 1803 equitatus

111 1811 296 1856 Caesaris,
325 1811 363 1848 in
394 1812 570 1850 cohortes
598 1813 780 1862 impetum
806 1812 920 1850 facit:
958 1826 1030 1850 nec
1058 1814 1250 1851 minimam

108 1880 255 1922 partem
274 1873 454 1922 temporis
473 1873 645 1922 equitum
660 1874 736 1910 vim
750 1873 886 1911 cetrati
905 1873 1093 1912 sustinere
1113 1882 1249 1924 potue·

112 1939 214 1977 runt,
235 1945 460 1983 omnesque,
479 1934 527 1970 ab
548 1934 602 1971 eis
621 1934 886 1978 circumventi,
907 1934 944 1970 in
965 1943 1175 1985 conspectu
1194 1942 1253 1972 ut-

113 1993 264 2043 riusque
284 1993 478 2033 exercitus
497 1994 793 2033 interficiuntur.

163 2053 309 2090 LXXI.
365 2053 457 2091 Erat
476 2055 628 2092 occasio
655 2045 754 2092 hene
781 2055 974 2105 gerendae
994 2056 1064 2093 rei.
1118 2056 1255 2107 Neque

114 2126 205 2151 vero
224 2114 260 2150 id
282 2115 485 2152 Caesarem
511 2115 698 2165 fugiebat,
725 2123 833 2153 tanto
853 2116 923 2152 sub
943 2117 1065 2153 oculis
1093 2124 1256 2167 accepto

117 2174 349 2212 detrimento
368 2175 612 2224 perterritum
634 2176 845 2213 exercitum
866 2176 1053 2214 sustinere
1072 2189 1148 2213 non
1174 2189 1259 2226 pos-

119 2246 174 2278 se,
202 2234 425 2284 praesertim
444 2235 722 2273 circumdatum
742 2236 909 2286 undique
927 2237 1113 2286 equitatu,
1141 2249 1258 2286 quum

120 2293 158 2330 in
186 2293 272 2337 loco
291 2307 412 2348 aequo
431 2302 545 2345 atque
572 2303 707 2346 aperto
738 2296 1037 2346 confligeretur:
1069 2296 1183 2346 idque
1211 2309 1261 2334 ex
