1472 2664
221 284 293 320 110
542 282 615 319 DE
663 266 840 319 BELLo
887 282 1053 320 cmm

216 398 288 435 gae
309 383 463 423 factum.
519 385 595 422 Sed
617 385 836 435 PompeiuS,
857 393 899 422 ut
918 385 1129 435 equitatum
1150 397 1259 422 suum
1280 386 1362 436 pul-

215 459 298 482 sum
319 446 425 490 vidit,
446 453 561 496 atque
582 459 664 483 eam
681 454 843 496 partem,
864 447 925 483 cui
942 446 1108 483 maxime
1128 446 1361 492 confidebat,

215 507 456 556 perterritam
477 506 759 551 animadvertit,
787 506 867 544 aliis
894 506 1047 551 diffisus,
1076 506 1160 543 acie
1179 507 1362 551 excessit,

215 567 465 617 protinusque
486 580 525 605 se
547 568 583 604 in
605 576 730 605 castra
749 581 847 617 equo
869 567 1055 610 contulit;
1083 575 1122 605 et
1151 567 1195 604 iis
1228 574 1362 605 centu-

215 627 400 674 rionibus,
418 641 511 679 quos
525 629 560 665 in
578 629 742 666 statione
758 629 804 666 ad
820 629 1050 678 praetoriam
1063 635 1211 678 portam
1225 640 1363 677 posue-

215 691 286 733 rat,
309 689 424 735 clare,
444 697 486 727 ut
504 689 644 726 milites
663 689 905 735 exaudirent,
935 694 960 712 “
982 689 1204 733 Tuemini‚'’
1224 688 1361 739 inquit,

216 753 242 770 “
262 758 399 794 castra,
428 756 466 786 et
486 749 682 787 defendite
703 749 921 799 diligenter,
950 750 980 786 si
1000 749 1091 800 quid
1112 749 1242 786 durius
1260 749 1362 787 acci-

216 813 242 832 “
263 810 384 847 derit:
413 823 486 860 ego
505 811 670 861 reliquas
701 818 831 861 portas
851 811 1059 855 circumeo,
1093 819 1130 847 et
1151 817 1361 847 castrorum

215 875 241 892 “
261 871 451 920 praesidia
479 871 704 909 confirm0.’'
760 870 870 908 Haec
903 884 1020 921 quum
1053 871 1225 916 dixisset,
1253 882 1293 907 se
1323 870 1363 907 in

214 932 446 982 praetorium
481 932 658 978 contulit,
687 944 856 969 summae
876 932 929 969 rei
951 931 1137 976 diffidens,
1174 938 1213 968 et
1232 939 1362 968 tamen

214 1001 395 1029 eventum
416 1000 662 1043 exspectans.

266 1053 387 1091 XCV.
442 1054 597 1100 Caesar,
628 1053 869 1104 Pompeianis
901 1066 949 1091 ex
978 1054 1070 1104 fuga
1089 1053 1188 1091 intra
1218 1052 1360 1091 vallum

215 1115 436 1164 compulsis,
463 1115 610 1151 nullum
642 1114 805 1165 spatium
839 1115 1051 1164 perterritis
1071 1114 1162 1152 dare
1182 1121 1361 1164 oportere

216 1175 453 1221 existimans,
474 1176 612 1213 milites
632 1175 855 1213 cohortatus
875 1183 946 1221 est,
974 1182 1016 1212 ut
1035 1174 1224 1212 beneficio
1243 1173 1363 1212 fortu-

214 1249 285 1274 nae
306 1244 520 1282 uterentur,
541 1243 742 1287 castraque
763 1244 1056 1287 oppugnarent:
1077 1236 1156 1288 qui,
1173 1237 1363 1287 etsimag-

215 1310 266 1335 no
285 1305 394 1334 aestu
413 1297 577 1347 fatigati,
603 1297 711 1348 (nam
731 1297 780 1334 ad
797 1297 995 1335 meridiem
1015 1310 1075 1335 res
1096 1305 1177 1335 erat
1197 1297 1361 1347 perduc-

214 1358 274 1410 ta)
299 1365 442 1404 tamen,
471 1358 519 1396 ad
538 1370 690 1394 omnem
706 1357 875 1396 laborem
894 1358 1021 1396 animo
1041 1358 1179 1408 parati,
1198 1359 1359 1409 imperio

215 1427 440 1470 paruerunt.
474 1420 609 1457 Castra
628 1432 650 1456 a
668 1419 907 1465 cohortibus,
927 1432 1024 1470 quae
1044 1419 1095 1457 ibi
1115 1419 1306 1471 praesidio
1324 1432 1364 1457 e-

214 1488 301 1518 rant
320 1481 491 1526 relictae,
520 1479 706 1517 industrie
739 1479 1073 1523 defendebantur;
1100 1480 1222 1517 multo
1243 1480 1359 1518 etiam

215 1540 340 1578 acrius
360 1553 382 1578 a
401 1541 616 1579 Thracibus
635 1540 884 1591 barbarisque
897 1541 1062 1578 auxiliis.
1107 1540 1222 1587 Nam,
1242 1541 1307 1591 qui
1325 1554 1364 1578 a-

215 1602 275 1640 cie
295 1601 518 1652 refugerant
538 1601 693 1646 milites,
713 1608 751 1638 et
771 1601 898 1638 animo
911 1601 1103 1651 perterriti
1123 1601 1365 1639 etlassitudi-

215 1673 265 1698 ne
285 1660 468 1706 confecti,
497 1660 619 1698 missis
637 1661 810 1711 plerique
830 1661 956 1707 armis,
977 1661 1171 1712 signisque
1190 1661 1363 1699 militari-

215 1722 299 1767 bus,
319 1721 440 1772 magis
460 1721 507 1758 de
527 1722 672 1772 reliqua
687 1722 792 1772 fuga,
813 1734 924 1772 quam
941 1722 988 1759 de
1003 1730 1213 1760 castrorum
1230 1722 1363 1760 defen-

217 1782 340 1826 sione,
368 1782 605 1832 cogitabant:
659 1781 797 1832 Neque
817 1795 908 1819 vero
937 1781 1093 1827 diutim,
1122 1781 1186 1832 qui
1207 1781 1244 1818 in
1264 1782 1362 1820 vallo

217 1843 483 1888 constiterant,
512 1843 795 1880 multitudinem
823 1842 986 1880 telorum
1016 1843 1203 1881 sustinere
1221 1852 1358 1894 potue-

216 1911 328 1945 runt;
369 1901 450 1947 sed,
482 1902 649 1940 confecti
668 1903 904 1947 vulneribus,
945 1903 1073 1941 locum
1106 1903 1359 1954 reliquerunt,

217 1963 467 2013 protinusque
488 1976 632 2008 omnes,
662 1963 822 2000 ducibus
843 1963 899 2000 usi
920 1964 1223 2009 centurionibus,
1243 1964 1363 2001 tribu-

216 2023 351 2073 nisque
371 2023 549 2069 militum,
578 2024 615 2059 in
650 2023 850 2061 altissimos
870 2032 1034 2070 montes,
1063 2024 1127 2075 qui
1160 2024 1209 2061 ad
1239 2031 1365 2062 castra

216 2085 472 2135 pertinebant,
503 2084 775 2134 confugerunt.

269 2144 411 2182 XCVI.
465 2145 511 2181 In
532 2145 665 2182 castris
699 2145 872 2195 Pompeii
891 2145 1022 2183 videre
1054 2145 1163 2183 licuit
1193 2145 1363 2183 trichilas

215 2212 394 2250 structas,
422 2217 602 2254 magnum
622 2205 771 2254 argenti
799 2205 948 2255 pondus
968 2206 1200 2256 expositum,
1227 2218 1363 2243 recen-

216 2266 318 2303 tibus
338 2265 548 2315 cespitibus
567 2266 817 2303 tabernacula
836 2274 1043 2312 constrata,
1063 2266 1108 2304 L.
1124 2266 1239 2304 etiam
1259 2266 1363 2303 Len-

216 2327 286 2364 tuli
305 2333 345 2364 ct
363 2326 634 2365 nonnullorum
655 2326 902 2365 tabernacula
920 2334 1096 2378 protecta
1115 2327 1246 2373 edera,
1263 2326 1362 2364 mul-
