1472 2664
239 269 313 306 132
671 271 721 307 A.
763 270 939 308 HIRTII

238 370 339 408 ultra
351 370 505 417 vadum,
525 382 571 408 1v
587 371 757 410 Rhodias
772 386 886 411 naves
905 372 1189 411 circumsistunt
1205 373 1376 410 Alexan-

237 431 351 477 drini,
382 439 498 482 atque
517 431 555 468 in
575 444 638 470 eas
666 432 852 483 impetum
872 433 1028 471 faciunt.
1085 433 1282 471 Sustinent
1309 434 1377 479 illi,

236 499 354 543 atque
372 500 454 531 arte
479 493 725 545 sollertiaque
743 507 784 532 se
803 495 1020 545 explicant:
1048 507 1093 532 ac
1112 502 1259 532 tantum
1285 495 1376 532 doc-

234 554 336 592 trina
349 554 489 605 potuit,
509 561 551 591 ut
565 554 602 591 in
617 554 758 606 dispari
773 569 932 593 numero
949 555 1052 592 nulla
1063 562 1276 592 transversa
1290 555 1378 592 hos-

235 614 266 650 ti
281 615 527 664 objiceretur,
547 615 687 652 nullius
702 616 794 654 remi
814 615 1124 666 detergerentur,
1144 617 1211 653 sed
1226 628 1378 665 semper

233 675 476 713 venientibus
494 677 674 713 adversae
694 684 955 714 occurrerent.
1000 677 1158 714 Interim
1174 684 1263 714 sunt
1282 677 1371 713 reli-

233 748 333 786 quae
351 737 591 774 subsecutae.
645 737 745 774 Tum
766 738 982 775 necessario
998 738 1207 775 discessum
1227 738 1274 774 ab
1290 745 1373 774 arte

231 802 291 832 est
304 803 462 847 propter
474 799 669 847 angustias
683 798 769 843 loci,
786 806 901 848 atque
915 812 1026 835 omne
1044 807 1239 836 certamen
1253 799 1288 835 in
1303 799 1376 835 vir-

233 862 316 892 tute
330 857 513 895 constitit.
543 858 680 909 Neque
692 871 783 897 vero
800 859 1060 896 Alexandriae
1074 859 1144 895 fuit
1160 859 1373 909 quisquam,

232 923 298 953 aut
318 925 547 964 nostrorum,
567 926 633 956 aut
648 919 941 970 oppidanorum,
962 920 1025 970 qui
1045 920 1159 956 autin
1177 933 1291 970 opere
1307 928 1374 957 aut

231 977 270 1014 in
286 980 575 1029 oppugnatione
591 988 822 1031 occupatum
839 981 1006 1017 animum
1020 980 1192 1027 haberet,
1212 981 1302 1031 quin
1321 982 1373 1018 al-

232 1038 378 1076 tissima
395 1047 500 1077 tecta
518 1047 684 1090 peteret,
703 1048 819 1092 atque
838 1054 887 1077 ex
904 1042 1005 1077 omni
1026 1049 1231 1091 prospectu
1247 1042 1373 1079 locum

230 1100 454 1150 spectaculo
469 1108 639 1151 caperet,
653 1102 909 1152 precibusque
922 1110 960 1138 et
974 1102 1072 1138 votis
1086 1101 1284 1139 victoriam
1296 1102 1374 1139 suis

230 1161 278 1197 ab
297 1161 369 1198 diis
388 1162 664 1199 immortalibus
684 1170 926 1213 exposceret.

282 1222 389 1258 XVI.
445 1222 607 1259 Minime
632 1230 760 1260 autem
790 1235 859 1273 par
881 1231 963 1259 erat
990 1223 1122 1273 proelii
1152 1231 1371 1260 certamen:

230 1282 368 1319 nostris
387 1282 487 1320 enim
517 1295 670 1333 prorsus
700 1294 825 1333 neque
846 1290 947 1320 terra
973 1295 1097 1333 neque
1117 1283 1212 1319 mari
1240 1282 1373 1332 effugi-

229 1356 292 1380 um
322 1343 483 1380 dabatur
501 1343 625 1389 victis,
659 1344 861 1394 omniaque
881 1344 1089 1380 victoribus
1117 1350 1225 1381 erant
1244 1343 1373 1381 futura

229 1405 266 1440 in
287 1405 459 1442 incerto:
490 1404 556 1450 illi,
584 1404 614 1441 si
642 1405 884 1455 superassent
914 1405 1084 1450 navibus,
1118 1404 1246 1442 omnia
1265 1411 1370 1442 tene-

227 1473 338 1508 rent;
364 1466 394 1502 si
415 1465 613 1503 inferiores
631 1465 806 1510 fuissent,
826 1465 1011 1516 reliquam
1031 1473 1158 1503 tamen
1178 1464 1369 1503 fortunam

227 1526 550 1576 periclitarentur.
606 1526 726 1563 Simul
747 1525 840 1563 illud
862 1539 976 1575 grave
997 1539 1042 1564 ac
1062 1527 1240 1564 miserum
1265 1527 1370 1565 vide-

227 1588 352 1631 batur,
385 1599 599 1636 perpaucos
619 1587 666 1624 de
685 1599 833 1624 summa
852 1600 976 1624 rerum
997 1600 1041 1625 ac
1069 1588 1118 1624 de
1137 1588 1259 1624 salute
1288 1600 1367 1625 om-

225 1647 331 1684 nium
351 1647 577 1684 decertare:
606 1660 767 1698 quorum
787 1648 817 1683 si
837 1647 899 1697 qui
921 1654 986 1684 aut
1001 1647 1127 1684 animo
1143 1656 1208 1685 aut
1228 1648 1367 1686 virtute

225 1707 417 1753 cessisset,
453 1707 610 1758 reliquis
629 1707 743 1744 etiam
763 1715 864 1743 esset
883 1707 1110 1752 cavendum,
1139 1707 1276 1757 quibus
1296 1721 1365 1757 pro

225 1781 266 1806 se
285 1769 482 1820 pugnandi
501 1767 661 1806 facultas
682 1781 757 1805 non
778 1767 925 1804 fuisset.
982 1767 1090 1804 Ilaec
1109 1768 1367 1818 superioribus

225 1830 359 1867 diebus
389 1842 666 1880 saepenumero
694 1830 836 1866 Caesar
854 1829 930 1865 suis
960 1836 1203 1878 exposuerat,
1233 1836 1273 1866 ut
1293 1829 1366 1866 hoc

226 1890 361 1939 majori
393 1890 520 1927 animo
548 1891 841 1934 contenderent,
875 1889 976 1939 quod
1003 1889 1171 1925 onmium
1203 1889 1363 1926 salutem

226 1951 297 1987 sibi
323 1951 629 1988 commendatam
661 1950 846 1987 viderent.
903 1949 1046 1986 Eadem
1076 1961 1184 1985 suum
1206 1949 1366 1999 quisquc

227 2012 558 2057 contubernalem,
578 2012 757 2056 amicum,
777 2018 923 2054 notum,
945 2022 1177 2060 prosequens
1197 2018 1278 2047 erat
1298 2011 1363 2047 ob-

223 2080 398 2118 testatus,
427 2086 475 2110 ne
503 2085 609 2110 suam
629 2079 744 2123 atque
765 2072 932 2109 omnium
954 2070 1103 2107 falleret
1130 2071 1365 2121 opinionem,

221 2147 380 2185 quorum
408 2133 556 2183 judicio
589 2133 762 2170 delectus
792 2132 838 2168 ad
860 2144 1024 2182 pugnam
1046 2131 1362 2182 proficisceretur.

222 2196 360 2246 Itaque
379 2195 454 2232 hoc
473 2194 600 2231 animo
616 2201 672 2232 est
689 2193 943 2237 decertatum,
965 2200 1006 2229 nt.
1025 2205 1148 2242 neque
1168 2192 1365 2229 maritimis

222 2256 460 2306 nauticisque
481 2255 650 2293 sollertia
668 2262 782 2305 atque
803 2267 862 2291 ars
883 2254 1110 2304 praesidium
1133 2253 1264 2298 ferret,
1297 2267 1362 2290 nc-

216 2328 293 2366 que
321 2328 480 2353 numero
502 2315 652 2353 navium
683 2315 966 2363 praestantibus
986 2314 1188 2352 multitudo
1208 2315 1363 2364 prodes-
