1472 2664
277 296 351 335 DE
380 296 557 335 BELLO
583 297 759 337 AFRIC.
785 298 960 336 LIBER.
1119 300 1189 339 179

62 399 260 451 praecipit,
288 406 330 437 ut
358 400 615 450 providerent,
642 414 692 438 ne
725 400 970 438 multitudine
1001 400 1190 451 equitatus

66 459 229 497 hostium
249 459 637 505 circumvenirentur3
667 460 908 499 existimabat
926 459 1026 497 enim
1045 472 1085 496 se
1106 473 1193 497 cum

62 519 301 570 pedestribus
321 521 453 570 copiis,
488 521 569 559 acie
597 521 793 567 instructa,
813 520 1092 559 dimicaturum.

113 579 220 617 XIV.
291 582 418 623 Quum
447 580 623 632 utrinque
652 581 889 632 exspectatio
915 581 1038 626 fieret,
1070 592 1194 630 neque

62 640 203 678 Caesar
221 652 260 678 se
279 648 464 686 moveret,
501 648 540 678 et
558 654 645 679 cum
664 654 815 679 suorum
842 641 1035 691 paucitate
1063 647 1196 678 contra

62 713 236 751 magnam
254 700 330 742 vim
357 701 523 738 hostium
549 701 709 739 artificio
737 701 871 751 magis,
898 713 1010 751 quam
1039 700 1194 745 viribus,

61 760 345 798 decernendum
374 761 544 804 videret3
577 760 702 798 subito
721 760 1020 798 adversariorum
1048 759 1196 810 equita-

62 826 122 857 tus
150 832 233 858 sese
251 820 474 866 extendere,
495 828 534 858 et
552 820 590 857 in
604 821 845 859 latitudinem
859 832 1096 870 promovere,
1117 818 1196 856 col-

62 879 193 930 lesque
221 880 439 930 complecti,
474 887 514 918 et
532 880 704 918 Caesaris
730 880 940 931 equitatum
971 887 1195 925 extenuare,

62 940 247 990 simulque
264 940 312 978 ad
331 940 645 978 circumeundum
661 953 880 991 comparare
899 952 953 986 se,
973 947 1196 990 coeperunt.

61 1000 279 1038 Caesariani
298 1000 445 1051 equites
465 1013 594 1037 eorum
610 1000 891 1038 multitudinem
909 1013 1024 1050 aegre
1037 1000 1199 1037 sustine-

61 1061 166 1098 bant.
219 1060 337 1098 Acies
356 1060 507 1097 interim
526 1061 673 1098 mediae
692 1074 809 1111 quum
835 1073 1063 1098 concurrere
1083 1072 1197 1096 cona-

62 1129 207 1167 rentur,
239 1120 365 1158 subito
384 1133 433 1157 ex
466 1120 668 1158 condensis
686 1120 819 1158 turmis
837 1120 985 1170 pedites
1009 1119 1198 1157 Numidae

61 1182 154 1219 levis
186 1187 398 1218 armaturae
423 1194 510 1218 cum
539 1181 731 1231 equitibus
758 1187 1002 1231 procurrunt,
1030 1187 1068 1216 et
1099 1179 1198 1216 inter

63 1240 292 1291 legionarios
310 1239 447 1278 milites
458 1241 587 1290 jacula
601 1239 823 1290 conjiciunt.
859 1239 952 1284 Hic,
972 1251 1088 1289 quum
1104 1238 1201 1275 Cae-

62 1301 197 1339 sariani
216 1301 255 1338 in
275 1313 339 1338 eos
358 1301 540 1351 impetum
565 1301 757 1346 fecissent,
777 1300 924 1338 illorum
941 1299 1087 1350 equites
1101 1298 1202 1337 refu-

65 1362 243 1413 giebant:
263 1361 411 1412 pedites
424 1361 575 1399 interim
591 1361 832 1407 resistebant,
848 1360 939 1397 dum
954 1359 1104 1410 equites
1119 1372 1201 1396 rur-

65 1435 143 1469 suS,
163 1435 276 1460 cursu
291 1430 486 1468 renovato,
505 1421 698 1472 peditibus
717 1421 792 1459 suis
810 1427 1091 1458 succurrerent.

116 1483 201 1520 XV.
253 1483 409 1528 Caesar,
427 1494 526 1519 novo
541 1494 684 1532 genere
699 1494 851 1532 pugnae
866 1481 1008 1526 oblato,
1028 1493 1145 1530 quum
1160 1492 1202 1517 a·

66 1543 363 1580 nimadverteret
382 1541 533 1579 ordines
549 1554 701 1580 suorum
718 1541 755 1578 in
768 1540 1028 1592 procurrendo
1044 1539 1201 1585 turbari,

70 1604 238 1656 (pedites
253 1603 368 1648 enim,
388 1602 479 1640 dum
498 1602 646 1653 equites
661 1602 810 1653 longius
826 1602 873 1639 ab
886 1601 1002 1652 signis
1021 1612 1203 1651 persequ-

68 1671 198 1709 untur,
230 1663 349 1700 latere
369 1661 526 1707 nudato,
562 1674 584 1699 a
602 1661 784 1712 proximis
799 1661 936 1711 jaculis
954 1661 1204 1698 vulneraban-

66 1730 143 1769 tur,
170 1722 318 1774 equites
333 1729 461 1760 autem
480 1721 645 1759 hostium
677 1722 794 1772 pilum
813 1721 941 1758 militis
960 1733 1074 1758 cursu
1091 1719 1204 1757 facile

67 1782 257 1834 vitabant)
277 1781 393 1820 edicit
408 1794 475 1832 per
494 1781 658 1827 ordines,
678 1795 726 1819 ne
741 1782 823 1833 quis
838 1781 945 1820 miles
960 1782 1007 1819 ab
1027 1780 1144 1831 signis
1158 1791 1204 1817 ιν

67 1845 185 1895 pedes
202 1843 352 1893 longius
381 1842 618 1893 procederet.
673 1841 874 1892 Equitatus
893 1842 1045 1881 interim
1063 1841 1202 1878 Labie-

69 1905 121 1950 ni,
148 1917 302 1942 suorum
321 1902 564 1940 multitudine
583 1902 761 1948 confisus,
781 1902 954 1940 Caesaris
972 1900 1204 1953 paucitatem

71 1962 270 2001 circumire
290 1969 467 1999 conatur:
487 1961 635 2012 equites
653 1961 678 1999 J
682 1961 798 1999 uliani
817 1962 942 2012 pauci,
960 1960 1205 1998 multitudine

71 2023 237 2061 hostium
257 2021 410 2067 defessi,
438 2022 545 2072 equis
565 2022 856 2067 convulneratis,
877 2021 1073 2072 paullatim
1093 2021 1206 2058 cede-

71 2097 136 2122 re:
163 2082 282 2120 hostis
300 2082 420 2132 magis
441 2081 637 2132 magisque
657 2082 809 2119 instare.
862 2081 922 2119 Ita
939 2089 1083 2132 puncto
1109 2088 1206 2118 tem-

75 2144 176 2195 poris
194 2143 368 2181 omnibus
387 2141 602 2192 legionariis
617 2142 664 2179 ab
677 2142 841 2180 hostium
857 2142 1029 2192 equitatu
1043 2141 1205 2178 circum-

75 2203 210 2249 ventis,
241 2203 491 2253 Caesarisque
509 2202 628 2252 copiis
647 2202 685 2239 in
712 2203 842 2241 orbem
863 2202 1080 2252 compulsis,
1109 2201 1208 2239 intra

76 2264 266 2301 cancellos
286 2275 417 2300 omnes
436 2262 603 2312 conjecti
620 2275 792 2313 pugnare
811 2264 1059 2313 cogebantur.

129 2323 234 2361 XVI.
285 2323 479 2362 Labienus
505 2322 544 2360 in
563 2335 675 2374 equo,
702 2322 827 2374 capite
854 2322 973 2371 nudo,
1000 2321 1140 2361 versari
1166 2321 1205 2360 in
