<?xml version="1.0" encoding="UTF-8"?>
<!DOCTYPE html PUBLIC "-//W3C//DTD XHTML 1.0 Transitional//EN"
    "http://www.w3.org/TR/xhtml1/DTD/xhtml1-transitional.dtd">
<html xmlns="http://www.w3.org/1999/xhtml" xml:lang="en" lang="en">
 <head>
  <title>
</title>
<meta http-equiv="Content-Type" content="text/html;charset=utf-8" />
  <meta name='ocr-system' content='tesseract 3.04.00' />
  <meta name='ocr-capabilities' content='ocr_page ocr_carea ocr_par ocr_line ocrx_word'/>
</head>
<body>
  <div class='ocr_page' id='page_1' title='image "./debellogallicoet02caesuoft_0114.png"; bbox 0 0 1472 2664; ppageno 0'>
   <div class='ocr_carea' id='block_1_1' title="bbox 246 275 1012 331">
    <p class='ocr_par' dir='ltr' id='par_1_1' title="bbox 246 275 1012 331">
     <span class='ocr_line' id='line_1_1' title="bbox 246 275 1012 331; baseline -0.003 -17"><span class='ocrx_word' id='word_1_1' title='bbox 246 279 296 314; x_wconf 79' lang='lat'>92</span> <span class='ocrx_word' id='word_1_2' title='bbox 516 275 591 312; x_wconf 90' lang='lat' dir='ltr'>DE</span> <span class='ocrx_word' id='word_1_3' title='bbox 628 275 805 312; x_wconf 83' lang='lat' dir='ltr'><strong>BELLO</strong></span> <span class='ocrx_word' id='word_1_4' title='bbox 845 276 1012 331; x_wconf 90' lang='lat' dir='ltr'>CIVILI</span> 
     </span>
    </p>
   </div>
   <div class='ocr_carea' id='block_1_2' title="bbox 233 376 1386 2370">
    <p class='ocr_par' dir='ltr' id='par_1_2' title="bbox 240 376 1386 669">
     <span class='ocr_line' id='line_1_2' title="bbox 249 376 1383 429; baseline 0.003 -15"><span class='ocrx_word' id='word_1_5' title='bbox 249 391 365 428; x_wconf 89' lang='lat' dir='ltr'>quum</span> <span class='ocrx_word' id='word_1_6' title='bbox 385 376 725 424; x_wconf 81' lang='lat' dir='ltr'>animadvertisset,</span> <span class='ocrx_word' id='word_1_7' title='bbox 759 378 982 429; x_wconf 84' lang='lat' dir='ltr'>Pompeium</span> <span class='ocrx_word' id='word_1_8' title='bbox 1012 386 1123 415; x_wconf 87' lang='lat' dir='ltr'>extra</span> <span class='ocrx_word' id='word_1_9' title='bbox 1152 379 1383 418; x_wconf 78' lang='lat' dir='ltr'><strong>munitiones</strong></span> 
     </span>
     <span class='ocr_line' id='line_1_3' title="bbox 247 439 1384 490; baseline 0.003 -16"><span class='ocrx_word' id='word_1_10' title='bbox 247 451 455 488; x_wconf 81' lang='lat' dir='ltr'>egressum,</span> <span class='ocrx_word' id='word_1_11' title='bbox 490 443 623 476; x_wconf 78' lang='lat' dir='ltr'>castra</span> <span class='ocrx_word' id='word_1_12' title='bbox 642 439 854 476; x_wconf 85' lang='lat' dir='ltr'>secundum</span> <span class='ocrx_word' id='word_1_13' title='bbox 874 452 990 483; x_wconf 83' lang='lat' dir='ltr'>mare,</span> <span class='ocrx_word' id='word_1_14' title='bbox 1012 447 1053 476; x_wconf 90' lang='lat' dir='ltr'>ut</span> <span class='ocrx_word' id='word_1_15' title='bbox 1072 439 1191 476; x_wconf 86' lang='lat' dir='ltr'>libere</span> <span class='ocrx_word' id='word_1_16' title='bbox 1212 441 1384 490; x_wconf 78' lang='lat' dir='ltr'>pabulari</span> 
     </span>
     <span class='ocr_line' id='line_1_4' title="bbox 245 499 1383 548; baseline 0.003 -13"><span class='ocrx_word' id='word_1_17' title='bbox 245 506 388 548; x_wconf 88' lang='lat' dir='ltr'>posset,</span> <span class='ocrx_word' id='word_1_18' title='bbox 408 512 480 536; x_wconf 88' lang='lat' dir='ltr'>nec</span> <span class='ocrx_word' id='word_1_19' title='bbox 495 499 618 536; x_wconf 82' lang='lat' dir='ltr'>minus</span> <span class='ocrx_word' id='word_1_20' title='bbox 637 499 782 535; x_wconf 86' lang='lat' dir='ltr'>aditum</span> <span class='ocrx_word' id='word_1_21' title='bbox 799 500 956 535; x_wconf 84' lang='lat' dir='ltr'>navibus</span> <span class='ocrx_word' id='word_1_22' title='bbox 972 500 1151 542; x_wconf 84' lang='lat' dir='ltr'>haberet;</span> <span class='ocrx_word' id='word_1_23' title='bbox 1172 509 1383 538; x_wconf 83' lang='lat' dir='ltr'>commuta-</span> 
     </span>
     <span class='ocr_line' id='line_1_5' title="bbox 246 559 1386 611; baseline 0.003 -15"><span class='ocrx_word' id='word_1_24' title='bbox 246 566 285 596; x_wconf 87' lang='lat' dir='ltr'>ta</span> <span class='ocrx_word' id='word_1_25' title='bbox 305 560 450 596; x_wconf 81' lang='lat' dir='ltr'>ratione</span> <span class='ocrx_word' id='word_1_26' title='bbox 470 559 574 604; x_wconf 89' lang='lat' dir='ltr'>belli,</span> <span class='ocrx_word' id='word_1_27' title='bbox 607 560 785 610; x_wconf 87' lang='lat' dir='ltr'>quoniam</span> <span class='ocrx_word' id='word_1_28' title='bbox 819 560 1056 611; x_wconf 83' lang='lat' dir='ltr'>propositum</span> <span class='ocrx_word' id='word_1_29' title='bbox 1087 574 1163 597; x_wconf 78' lang='lat' dir='ltr'>nen</span> <span class='ocrx_word' id='word_1_30' title='bbox 1196 569 1386 607; x_wconf 77' lang='lat' dir='ltr'>tenuerat,</span> 
     </span>
     <span class='ocr_line' id='line_1_6' title="bbox 240 618 917 669; baseline 0.003 -15"><span class='ocrx_word' id='word_1_31' title='bbox 240 620 354 667; x_wconf 85' lang='lat' dir='ltr'>juxta</span> <span class='ocrx_word' id='word_1_32' title='bbox 374 618 597 668; x_wconf 79' lang='lat' dir='ltr'>Pompeium</span> <span class='ocrx_word' id='word_1_33' title='bbox 629 620 776 656; x_wconf 86' lang='lat' dir='ltr'>munire</span> <span class='ocrx_word' id='word_1_34' title='bbox 793 619 917 669; x_wconf 85' lang='lat' dir='ltr'>jussit.</span> 
     </span>
    </p>

    <p class='ocr_par' dir='ltr' id='par_1_3' title="bbox 236 679 1386 1942">
     <span class='ocr_line' id='line_1_7' title="bbox 296 679 1385 729; baseline 0.003 -14"><span class='ocrx_word' id='word_1_35' title='bbox 296 679 441 715; x_wconf 82' lang='lat' dir='ltr'><strong>LXVI.</strong></span> <span class='ocrx_word' id='word_1_36' title='bbox 507 680 594 720; x_wconf 78' lang='lat' dir='ltr'>Qua</span> <span class='ocrx_word' id='word_1_37' title='bbox 630 679 803 729; x_wconf 83' lang='lat' dir='ltr'>perfecta</span> <span class='ocrx_word' id='word_1_38' title='bbox 832 680 1056 725; x_wconf 83' lang='lat' dir='ltr'>munitione,</span> <span class='ocrx_word' id='word_1_39' title='bbox 1084 681 1385 718; x_wconf 83' lang='lat' dir='ltr'>animadversum</span> 
     </span>
     <span class='ocr_line' id='line_1_8' title="bbox 244 740 1383 792; baseline 0.003 -16"><span class='ocrx_word' id='word_1_40' title='bbox 244 747 303 776; x_wconf 86' lang='lat' dir='ltr'>est</span> <span class='ocrx_word' id='word_1_41' title='bbox 333 740 380 776; x_wconf 86' lang='lat' dir='ltr'>ab</span> <span class='ocrx_word' id='word_1_42' title='bbox 411 740 713 789; x_wconf 78' lang='lat' dir='ltr'>speculatoribus</span> <span class='ocrx_word' id='word_1_43' title='bbox 751 741 937 786; x_wconf 74' lang='lat' dir='ltr'>Caesaris,</span> <span class='ocrx_word' id='word_1_44' title='bbox 976 742 1154 779; x_wconf 80' lang='lat' dir='ltr'><strong>cohortes</strong></span> <span class='ocrx_word' id='word_1_45' title='bbox 1187 742 1383 792; x_wconf 84' lang='lat' dir='ltr'>quasdam,</span> 
     </span>
     <span class='ocr_line' id='line_1_9' title="bbox 243 801 1385 852; baseline 0.002 -16"><span class='ocrx_word' id='word_1_46' title='bbox 243 801 346 851; x_wconf 87' lang='lat' dir='ltr'>quod</span> <span class='ocrx_word' id='word_1_47' title='bbox 366 801 483 837; x_wconf 84' lang='lat' dir='ltr'>instar</span> <span class='ocrx_word' id='word_1_48' title='bbox 502 801 662 850; x_wconf 80' lang='lat' dir='ltr'>legionis</span> <span class='ocrx_word' id='word_1_49' title='bbox 681 801 887 846; x_wconf 86' lang='lat' dir='ltr'>videretur,</span> <span class='ocrx_word' id='word_1_50' title='bbox 908 814 990 838; x_wconf 85' lang='lat' dir='ltr'>esse</span> <span class='ocrx_word' id='word_1_51' title='bbox 1010 811 1097 852; x_wconf 73' lang='lat' dir='ltr'>post</span> <span class='ocrx_word' id='word_1_52' title='bbox 1115 803 1260 846; x_wconf 85' lang='lat' dir='ltr'>silvam,</span> <span class='ocrx_word' id='word_1_53' title='bbox 1289 810 1327 840; x_wconf 88' lang='lat' dir='ltr'>et</span> <span class='ocrx_word' id='word_1_54' title='bbox 1347 803 1385 839; x_wconf 88' lang='lat' dir='ltr'>in</span> 
     </span>
     <span class='ocr_line' id='line_1_10' title="bbox 242 862 1382 913; baseline 0.002 -15"><span class='ocrx_word' id='word_1_55' title='bbox 242 869 372 898; x_wconf 86' lang='lat' dir='ltr'>vetera</span> <span class='ocrx_word' id='word_1_56' title='bbox 387 869 512 898; x_wconf 84' lang='lat' dir='ltr'>castra</span> <span class='ocrx_word' id='word_1_57' title='bbox 531 862 632 898; x_wconf 88' lang='lat' dir='ltr'>duci.</span> <span class='ocrx_word' id='word_1_58' title='bbox 687 862 907 898; x_wconf 75' lang='lat' dir='ltr'>Castrorum</span> <span class='ocrx_word' id='word_1_59' title='bbox 924 863 986 898; x_wconf 83' lang='lat' dir='ltr'>hic</span> <span class='ocrx_word' id='word_1_60' title='bbox 1001 863 1094 899; x_wconf 81' lang='lat' dir='ltr'>situs</span> <span class='ocrx_word' id='word_1_61' title='bbox 1113 871 1207 899; x_wconf 89' lang='lat' dir='ltr'>erat.</span> <span class='ocrx_word' id='word_1_62' title='bbox 1263 863 1382 913; x_wconf 87' lang='lat' dir='ltr'>Supe-</span> 
     </span>
     <span class='ocr_line' id='line_1_11' title="bbox 242 922 1384 974; baseline 0.003 -16"><span class='ocrx_word' id='word_1_63' title='bbox 242 922 404 959; x_wconf 81' lang='lat' dir='ltr'>rioribus</span> <span class='ocrx_word' id='word_1_64' title='bbox 423 922 572 967; x_wconf 86' lang='lat' dir='ltr'>diebus,</span> <span class='ocrx_word' id='word_1_65' title='bbox 606 934 648 958; x_wconf 78' lang='lat' dir='ltr'>lx</span> <span class='ocrx_word' id='word_1_66' title='bbox 669 922 842 959; x_wconf 78' lang='lat' dir='ltr'>Caesaris</span> <span class='ocrx_word' id='word_1_67' title='bbox 863 923 963 973; x_wconf 74' lang='lat' dir='ltr'>legio</span> <span class='ocrx_word' id='word_1_68' title='bbox 984 937 1098 972; x_wconf 87' lang='lat' dir='ltr'>quum</span> <span class='ocrx_word' id='word_1_69' title='bbox 1119 936 1159 960; x_wconf 88' lang='lat' dir='ltr'>se</span> <span class='ocrx_word' id='word_1_70' title='bbox 1179 924 1384 974; x_wconf 81' lang='lat' dir='ltr'>objecisset</span> 
     </span>
     <span class='ocr_line' id='line_1_12' title="bbox 242 982 1386 1032; baseline 0.001 -13"><span class='ocrx_word' id='word_1_71' title='bbox 242 982 485 1032; x_wconf 80' lang='lat' dir='ltr'>Pompeianis</span> <span class='ocrx_word' id='word_1_72' title='bbox 506 982 640 1032; x_wconf 90' lang='lat' dir='ltr'>copiis,</span> <span class='ocrx_word' id='word_1_73' title='bbox 667 989 780 1032; x_wconf 84' lang='lat' dir='ltr'>atque</span> <span class='ocrx_word' id='word_1_74' title='bbox 801 995 930 1032; x_wconf 85' lang='lat' dir='ltr'>opera,</span> <span class='ocrx_word' id='word_1_75' title='bbox 961 990 1002 1019; x_wconf 91' lang='lat' dir='ltr'>ut</span> <span class='ocrx_word' id='word_1_76' title='bbox 1031 983 1386 1029; x_wconf 84' lang='lat' dir='ltr'>demonstravimus,</span> 
     </span>
     <span class='ocr_line' id='line_1_13' title="bbox 241 1043 1384 1093; baseline 0 -13"><span class='ocrx_word' id='word_1_77' title='bbox 241 1043 570 1088; x_wconf 72' lang='lat' dir='ltr'>circummunit-et,</span> <span class='ocrx_word' id='word_1_78' title='bbox 603 1050 726 1080; x_wconf 83' lang='lat' dir='ltr'>castra</span> <span class='ocrx_word' id='word_1_79' title='bbox 756 1055 802 1080; x_wconf 90' lang='lat' dir='ltr'>eo</span> <span class='ocrx_word' id='word_1_80' title='bbox 822 1043 908 1079; x_wconf 81' lang='lat' dir='ltr'>loco</span> <span class='ocrx_word' id='word_1_81' title='bbox 928 1043 1067 1093; x_wconf 82' lang='lat' dir='ltr'>posuit.</span> <span class='ocrx_word' id='word_1_82' title='bbox 1125 1043 1235 1081; x_wconf 79' lang='lat' dir='ltr'>Haec</span> <span class='ocrx_word' id='word_1_83' title='bbox 1255 1043 1384 1081; x_wconf 84' lang='lat' dir='ltr'>silvam</span> 
     </span>
     <span class='ocr_line' id='line_1_14' title="bbox 242 1104 1386 1155; baseline 0.001 -14"><span class='ocrx_word' id='word_1_84' title='bbox 242 1105 432 1155; x_wconf 84' lang='lat' dir='ltr'>quandam</span> <span class='ocrx_word' id='word_1_85' title='bbox 453 1104 743 1153; x_wconf 83' lang='lat' dir='ltr'>contingebant,</span> <span class='ocrx_word' id='word_1_86' title='bbox 763 1117 890 1154; x_wconf 88' lang='lat' dir='ltr'>neque</span> <span class='ocrx_word' id='word_1_87' title='bbox 909 1104 1058 1153; x_wconf 76' lang='lat' dir='ltr'>longius</span> <span class='ocrx_word' id='word_1_88' title='bbox 1072 1117 1093 1141; x_wconf 90' lang='lat' dir='ltr'>a</span> <span class='ocrx_word' id='word_1_89' title='bbox 1107 1105 1198 1141; x_wconf 87' lang='lat' dir='ltr'>mari</span> <span class='ocrx_word' id='word_1_90' title='bbox 1215 1105 1386 1155; x_wconf 78' lang='lat' dir='ltr'>passibus</span> 
     </span>
     <span class='ocr_line' id='line_1_15' title="bbox 241 1162 1382 1214; baseline 0.001 -12"><span class='ocrx_word' id='word_1_91' title='bbox 241 1178 294 1202; x_wconf 80' lang='lat' dir='ltr'>cn</span> <span class='ocrx_word' id='word_1_92' title='bbox 315 1166 485 1202; x_wconf 83' lang='lat' dir='ltr'>aberant.</span> <span class='ocrx_word' id='word_1_93' title='bbox 519 1162 625 1209; x_wconf 85' lang='lat' dir='ltr'>Post,</span> <span class='ocrx_word' id='word_1_94' title='bbox 640 1171 786 1201; x_wconf 81' lang='lat' dir='ltr'>mutato</span> <span class='ocrx_word' id='word_1_95' title='bbox 799 1164 957 1201; x_wconf 82' lang='lat' dir='ltr'>consilio</span> <span class='ocrx_word' id='word_1_96' title='bbox 970 1165 1195 1214; x_wconf 77' lang='lat' dir='ltr'>quibusdam</span> <span class='ocrx_word' id='word_1_97' title='bbox 1212 1166 1259 1204; x_wconf 89' lang='lat' dir='ltr'>de</span> <span class='ocrx_word' id='word_1_98' title='bbox 1275 1179 1382 1203; x_wconf 87' lang='lat' dir='ltr'>caus-</span> 
     </span>
     <span class='ocr_line' id='line_1_16' title="bbox 240 1225 1382 1274; baseline 0.001 -11"><span class='ocrx_word' id='word_1_99' title='bbox 240 1227 304 1272; x_wconf 84' lang='lat' dir='ltr'>sis,</span> <span class='ocrx_word' id='word_1_100' title='bbox 336 1227 477 1263; x_wconf 87' lang='lat' dir='ltr'>Caesar</span> <span class='ocrx_word' id='word_1_101' title='bbox 495 1225 622 1274; x_wconf 83' lang='lat' dir='ltr'>paullo</span> <span class='ocrx_word' id='word_1_102' title='bbox 641 1226 741 1262; x_wconf 88' lang='lat' dir='ltr'>ultra</span> <span class='ocrx_word' id='word_1_103' title='bbox 759 1238 846 1263; x_wconf 88' lang='lat' dir='ltr'>eum</span> <span class='ocrx_word' id='word_1_104' title='bbox 875 1226 1000 1262; x_wconf 88' lang='lat' dir='ltr'>locum</span> <span class='ocrx_word' id='word_1_105' title='bbox 1021 1234 1146 1263; x_wconf 82' lang='lat' dir='ltr'>castra</span> <span class='ocrx_word' id='word_1_106' title='bbox 1165 1227 1357 1264; x_wconf 82' lang='lat' dir='ltr'>transtulit</span> <span class='ocrx_word' id='word_1_107' title='bbox 1373 1242 1382 1264; x_wconf 95' lang='lat'><strong>:</strong></span> 
     </span>
     <span class='ocr_line' id='line_1_17' title="bbox 240 1286 1386 1338; baseline 0.001 -14"><span class='ocrx_word' id='word_1_108' title='bbox 240 1287 450 1338; x_wconf 83' lang='lat' dir='ltr'>paucisque</span> <span class='ocrx_word' id='word_1_109' title='bbox 479 1286 700 1323; x_wconf 84' lang='lat' dir='ltr'>intermissis</span> <span class='ocrx_word' id='word_1_110' title='bbox 733 1287 867 1323; x_wconf 83' lang='lat' dir='ltr'>diebus</span> <span class='ocrx_word' id='word_1_111' title='bbox 887 1287 1019 1323; x_wconf 83' lang='lat' dir='ltr'>eadem</span> <span class='ocrx_word' id='word_1_112' title='bbox 1053 1287 1147 1324; x_wconf 85' lang='lat' dir='ltr'>haec</span> <span class='ocrx_word' id='word_1_113' title='bbox 1181 1287 1386 1337; x_wconf 85' lang='lat' dir='ltr'>Pompeius</span> 
     </span>
     <span class='ocr_line' id='line_1_18' title="bbox 240 1346 1384 1397; baseline -0.001 -12"><span class='ocrx_word' id='word_1_114' title='bbox 240 1354 515 1397; x_wconf 80' lang='lat' dir='ltr'>occupaverat;</span> <span class='ocrx_word' id='word_1_115' title='bbox 535 1355 586 1391; x_wconf 86' lang='lat' dir='ltr'>et,</span> <span class='ocrx_word' id='word_1_116' title='bbox 607 1346 711 1396; x_wconf 86' lang='lat' dir='ltr'>quod</span> <span class='ocrx_word' id='word_1_117' title='bbox 724 1359 769 1383; x_wconf 87' lang='lat' dir='ltr'>eo</span> <span class='ocrx_word' id='word_1_118' title='bbox 790 1347 874 1384; x_wconf 90' lang='lat' dir='ltr'>loco</span> <span class='ocrx_word' id='word_1_119' title='bbox 891 1348 1018 1397; x_wconf 86' lang='lat' dir='ltr'>plures</span> <span class='ocrx_word' id='word_1_120' title='bbox 1037 1355 1117 1384; x_wconf 86' lang='lat' dir='ltr'>erat</span> <span class='ocrx_word' id='word_1_121' title='bbox 1132 1348 1302 1397; x_wconf 75' lang='lat' dir='ltr'>legiones</span> <span class='ocrx_word' id='word_1_122' title='bbox 1318 1349 1384 1385; x_wconf 85' lang='lat' dir='ltr'>ha-</span> 
     </span>
     <span class='ocr_line' id='line_1_19' title="bbox 239 1408 1381 1457; baseline 0.002 -12"><span class='ocrx_word' id='word_1_123' title='bbox 239 1409 401 1453; x_wconf 84' lang='lat' dir='ltr'>biturus,</span> <span class='ocrx_word' id='word_1_124' title='bbox 422 1408 556 1444; x_wconf 86' lang='lat' dir='ltr'>relicto</span> <span class='ocrx_word' id='word_1_125' title='bbox 573 1408 752 1444; x_wconf 87' lang='lat' dir='ltr'>interiore</span> <span class='ocrx_word' id='word_1_126' title='bbox 768 1408 879 1453; x_wconf 89' lang='lat' dir='ltr'>vallo,</span> <span class='ocrx_word' id='word_1_127' title='bbox 897 1410 1076 1457; x_wconf 81' lang='lat' dir='ltr'>majorem</span> <span class='ocrx_word' id='word_1_128' title='bbox 1093 1409 1287 1457; x_wconf 82' lang='lat' dir='ltr'>adjecerat</span> <span class='ocrx_word' id='word_1_129' title='bbox 1300 1423 1381 1447; x_wconf 52' lang='lat' dir='ltr'>mu*</span> 
     </span>
     <span class='ocr_line' id='line_1_20' title="bbox 242 1468 1382 1518; baseline 0.001 -12"><span class='ocrx_word' id='word_1_130' title='bbox 242 1469 439 1507; x_wconf 87' lang='lat' dir='ltr'>nitionem.</span> <span class='ocrx_word' id='word_1_131' title='bbox 494 1468 555 1505; x_wconf 84' lang='lat' dir='ltr'>Ita</span> <span class='ocrx_word' id='word_1_132' title='bbox 569 1468 715 1505; x_wconf 83' lang='lat' dir='ltr'>minora</span> <span class='ocrx_word' id='word_1_133' title='bbox 734 1477 872 1513; x_wconf 83' lang='lat' dir='ltr'>castra,</span> <span class='ocrx_word' id='word_1_134' title='bbox 893 1469 1038 1506; x_wconf 84' lang='lat' dir='ltr'>inclusa</span> <span class='ocrx_word' id='word_1_135' title='bbox 1052 1469 1271 1518; x_wconf 82' lang='lat' dir='ltr'>majoribus,</span> <span class='ocrx_word' id='word_1_136' title='bbox 1301 1483 1382 1507; x_wconf 75' lang='lat' dir='ltr'>cas-</span> 
     </span>
     <span class='ocr_line' id='line_1_21' title="bbox 240 1529 1383 1580; baseline -0.001 -12"><span class='ocrx_word' id='word_1_137' title='bbox 240 1531 321 1568; x_wconf 90' lang='lat' dir='ltr'>telli</span> <span class='ocrx_word' id='word_1_138' title='bbox 340 1538 454 1580; x_wconf 86' lang='lat' dir='ltr'>atque</span> <span class='ocrx_word' id='word_1_139' title='bbox 481 1529 578 1566; x_wconf 83' lang='lat' dir='ltr'>arcis</span> <span class='ocrx_word' id='word_1_140' title='bbox 604 1529 730 1566; x_wconf 86' lang='lat' dir='ltr'>locum</span> <span class='ocrx_word' id='word_1_141' title='bbox 764 1530 1001 1566; x_wconf 84' lang='lat' dir='ltr'>obtinebant.</span> <span class='ocrx_word' id='word_1_142' title='bbox 1057 1529 1154 1566; x_wconf 83' lang='lat' dir='ltr'>Item</span> <span class='ocrx_word' id='word_1_143' title='bbox 1174 1531 1221 1567; x_wconf 89' lang='lat' dir='ltr'>ab</span> <span class='ocrx_word' id='word_1_144' title='bbox 1241 1531 1383 1579; x_wconf 79' lang='lat' dir='ltr'>angulo</span> 
     </span>
     <span class='ocr_line' id='line_1_22' title="bbox 241 1590 1381 1639; baseline -0.001 -11"><span class='ocrx_word' id='word_1_145' title='bbox 241 1600 451 1628; x_wconf 84' lang='lat' dir='ltr'>castrorum</span> <span class='ocrx_word' id='word_1_146' title='bbox 471 1590 622 1626; x_wconf 85' lang='lat' dir='ltr'>sinistro</span> <span class='ocrx_word' id='word_1_147' title='bbox 637 1590 888 1627; x_wconf 87' lang='lat' dir='ltr'>munitionem</span> <span class='ocrx_word' id='word_1_148' title='bbox 909 1591 956 1627; x_wconf 83' lang='lat' dir='ltr'>ad</span> <span class='ocrx_word' id='word_1_149' title='bbox 972 1590 1112 1627; x_wconf 80' lang='lat' dir='ltr'>flumen</span> <span class='ocrx_word' id='word_1_150' title='bbox 1134 1590 1381 1639; x_wconf 85' lang='lat' dir='ltr'>perduxerat,</span> 
     </span>
     <span class='ocr_line' id='line_1_23' title="bbox 238 1650 1383 1702; baseline 0.001 -14"><span class='ocrx_word' id='word_1_151' title='bbox 238 1652 393 1689; x_wconf 79' lang='lat' dir='ltr'>circiter</span> <span class='ocrx_word' id='word_1_152' title='bbox 409 1664 540 1702; x_wconf 84' lang='lat' dir='ltr'>passus</span> <span class='ocrx_word' id='word_1_153' title='bbox 556 1662 623 1695; x_wconf 86' lang='lat' dir='ltr'>CD,</span> <span class='ocrx_word' id='word_1_154' title='bbox 640 1664 714 1701; x_wconf 91' lang='lat' dir='ltr'>quo</span> <span class='ocrx_word' id='word_1_155' title='bbox 728 1650 881 1688; x_wconf 87' lang='lat' dir='ltr'>liberius</span> <span class='ocrx_word' id='word_1_156' title='bbox 898 1664 942 1687; x_wconf 86' lang='lat' dir='ltr'>ac</span> <span class='ocrx_word' id='word_1_157' title='bbox 958 1651 1039 1687; x_wconf 80' lang='lat' dir='ltr'>sine</span> <span class='ocrx_word' id='word_1_158' title='bbox 1059 1651 1230 1700; x_wconf 82' lang='lat' dir='ltr'>periculo</span> <span class='ocrx_word' id='word_1_159' title='bbox 1247 1652 1383 1689; x_wconf 84' lang='lat' dir='ltr'>milites</span> 
     </span>
     <span class='ocr_line' id='line_1_24' title="bbox 238 1708 1381 1762; baseline 0 -13"><span class='ocrx_word' id='word_1_160' title='bbox 238 1708 471 1762; x_wconf 81' lang='lat' dir='ltr'>aquarentur</span> <span class='ocrx_word' id='word_1_161' title='bbox 485 1725 494 1748; x_wconf 81' lang='lat' dir='ltr'>z</span> <span class='ocrx_word' id='word_1_162' title='bbox 514 1710 624 1747; x_wconf 85' lang='lat' dir='ltr'>sedis</span> <span class='ocrx_word' id='word_1_163' title='bbox 640 1723 806 1760; x_wconf 84' lang='lat' dir='ltr'>quoque,</span> <span class='ocrx_word' id='word_1_164' title='bbox 822 1719 968 1748; x_wconf 84' lang='lat' dir='ltr'>mutato</span> <span class='ocrx_word' id='word_1_165' title='bbox 986 1712 1143 1748; x_wconf 73' lang='lat' dir='ltr'>consilio</span> <span class='ocrx_word' id='word_1_166' title='bbox 1157 1711 1381 1761; x_wconf 79' lang='lat' dir='ltr'>quibusdam</span> 
     </span>
     <span class='ocr_line' id='line_1_25' title="bbox 237 1772 1381 1822; baseline 0.002 -14"><span class='ocrx_word' id='word_1_167' title='bbox 237 1773 287 1810; x_wconf 88' lang='lat' dir='ltr'>de</span> <span class='ocrx_word' id='word_1_168' title='bbox 307 1772 464 1817; x_wconf 82' lang='lat' dir='ltr'>caussis,</span> <span class='ocrx_word' id='word_1_169' title='bbox 493 1784 585 1822; x_wconf 80' lang='lat' dir='ltr'>quas</span> <span class='ocrx_word' id='word_1_170' title='bbox 618 1784 917 1808; x_wconf 82' lang='lat' dir='ltr'>commemorare</span> <span class='ocrx_word' id='word_1_171' title='bbox 950 1784 1107 1809; x_wconf 80' lang='lat' dir='ltr'>necesse</span> <span class='ocrx_word' id='word_1_172' title='bbox 1141 1780 1307 1817; x_wconf 79' lang='lat' dir='ltr'>nonest,</span> <span class='ocrx_word' id='word_1_173' title='bbox 1333 1786 1381 1810; x_wconf 86' lang='lat' dir='ltr'>eo</span> 
     </span>
     <span class='ocr_line' id='line_1_26' title="bbox 238 1831 1382 1882; baseline 0 -12"><span class='ocrx_word' id='word_1_174' title='bbox 238 1833 324 1870; x_wconf 88' lang='lat' dir='ltr'>loco</span> <span class='ocrx_word' id='word_1_175' title='bbox 344 1839 574 1870; x_wconf 78' lang='lat' dir='ltr'>excesserat.</span> <span class='ocrx_word' id='word_1_176' title='bbox 633 1831 690 1868; x_wconf 86' lang='lat' dir='ltr'>lta</span> <span class='ocrx_word' id='word_1_177' title='bbox 710 1832 925 1882; x_wconf 76' lang='lat' dir='ltr'>complures</span> <span class='ocrx_word' id='word_1_178' title='bbox 945 1832 1025 1869; x_wconf 90' lang='lat' dir='ltr'>dies</span> <span class='ocrx_word' id='word_1_179' title='bbox 1059 1840 1273 1870; x_wconf 63' lang='lat' dir='ltr'>:ii-miserant</span> <span class='ocrx_word' id='word_1_180' title='bbox 1301 1846 1382 1870; x_wconf 77' lang='lat' dir='ltr'>cas-</span> 
     </span>
     <span class='ocr_line' id='line_1_27' title="bbox 236 1892 1259 1942; baseline -0.002 -12"><span class='ocrx_word' id='word_1_181' title='bbox 236 1901 307 1930; x_wconf 86' lang='lat' dir='ltr'>tra.</span> <span class='ocrx_word' id='word_1_182' title='bbox 364 1893 601 1930; x_wconf 85' lang='lat' dir='ltr'>Munitiones</span> <span class='ocrx_word' id='word_1_183' title='bbox 621 1892 775 1942; x_wconf 87' lang='lat' dir='ltr'>quidem</span> <span class='ocrx_word' id='word_1_184' title='bbox 795 1893 968 1941; x_wconf 68' lang='lat' dir='ltr'>integrae</span> <span class='ocrx_word' id='word_1_185' title='bbox 988 1906 1119 1929; x_wconf 77' lang='lat' dir='ltr'>omnes</span> <span class='ocrx_word' id='word_1_186' title='bbox 1139 1901 1259 1930; x_wconf 87' lang='lat' dir='ltr'>erant.</span> 
     </span>
    </p>

    <p class='ocr_par' dir='ltr' id='par_1_4' title="bbox 233 1953 1380 2370">
     <span class='ocr_line' id='line_1_28' title="bbox 290 1953 1380 2003; baseline 0.001 -13"><span class='ocrx_word' id='word_1_187' title='bbox 290 1954 454 1990; x_wconf 81' lang='lat' dir='ltr'><strong>LXVII.</strong></span> <span class='ocrx_word' id='word_1_188' title='bbox 499 1954 554 1991; x_wconf 77' lang='grc' dir='ltr'>1ἰό</span> <span class='ocrx_word' id='word_1_189' title='bbox 575 1954 684 2003; x_wconf 86' lang='lat' dir='ltr'>signo</span> <span class='ocrx_word' id='word_1_190' title='bbox 700 1953 859 2003; x_wconf 84' lang='lat' dir='ltr'>legionis</span> <span class='ocrx_word' id='word_1_191' title='bbox 876 1954 992 1998; x_wconf 76' lang='lat' dir='ltr'>illuto,</span> <span class='ocrx_word' id='word_1_192' title='bbox 1008 1954 1270 2003; x_wconf 74' lang='lat' dir='ltr'>speculatores</span> <span class='ocrx_word' id='word_1_193' title='bbox 1282 1955 1380 1991; x_wconf 79' lang='lat' dir='ltr'>Cae-</span> 
     </span>
     <span class='ocr_line' id='line_1_29' title="bbox 235 2014 1380 2064; baseline 0.001 -13"><span class='ocrx_word' id='word_1_194' title='bbox 235 2015 308 2052; x_wconf 72' lang='lat' dir='ltr'>sari</span> <span class='ocrx_word' id='word_1_195' title='bbox 330 2015 615 2052; x_wconf 83' lang='lat' dir='ltr'>renunciarunt.</span> <span class='ocrx_word' id='word_1_196' title='bbox 673 2014 761 2051; x_wconf 91' lang='lat' dir='ltr'>Hoc</span> <span class='ocrx_word' id='word_1_197' title='bbox 793 2015 891 2051; x_wconf 84' lang='lat' dir='ltr'>idem</span> <span class='ocrx_word' id='word_1_198' title='bbox 913 2015 1031 2051; x_wconf 82' lang='lat' dir='ltr'>visum</span> <span class='ocrx_word' id='word_1_199' title='bbox 1052 2028 1099 2050; x_wconf 80' lang='lat' dir='ltr'>ex</span> <span class='ocrx_word' id='word_1_200' title='bbox 1122 2015 1380 2064; x_wconf 74' lang='lat' dir='ltr'>superioribus</span> 
     </span>
     <span class='ocr_line' id='line_1_30' title="bbox 236 2074 1379 2126; baseline 0.001 -14"><span class='ocrx_word' id='word_1_201' title='bbox 236 2076 462 2126; x_wconf 80' lang='lat' dir='ltr'>quibusdam</span> <span class='ocrx_word' id='word_1_202' title='bbox 485 2075 648 2113; x_wconf 79' lang='lat' dir='ltr'>castellis</span> <span class='ocrx_word' id='word_1_203' title='bbox 681 2074 1011 2112; x_wconf 82' lang='lat' dir='ltr'>confirmaverant.</span> <span class='ocrx_word' id='word_1_204' title='bbox 1065 2075 1102 2111; x_wconf 83' lang='lat' dir='ltr'>Is</span> <span class='ocrx_word' id='word_1_205' title='bbox 1123 2076 1227 2112; x_wconf 87' lang='lat' dir='ltr'>locus</span> <span class='ocrx_word' id='word_1_206' title='bbox 1248 2077 1379 2113; x_wconf 82' lang='lat' dir='ltr'>aberat</span> 
     </span>
     <span class='ocr_line' id='line_1_31' title="bbox 236 2136 1378 2186; baseline -0.001 -12"><span class='ocrx_word' id='word_1_207' title='bbox 236 2150 258 2174; x_wconf 80' lang='lat' dir='ltr'>a</span> <span class='ocrx_word' id='word_1_208' title='bbox 276 2137 383 2173; x_wconf 88' lang='lat' dir='ltr'>novis</span> <span class='ocrx_word' id='word_1_209' title='bbox 404 2136 576 2186; x_wconf 88' lang='lat' dir='ltr'>Pompeii</span> <span class='ocrx_word' id='word_1_210' title='bbox 597 2136 728 2174; x_wconf 86' lang='lat' dir='ltr'>castris</span> <span class='ocrx_word' id='word_1_211' title='bbox 744 2136 897 2172; x_wconf 77' lang='lat' dir='ltr'>circiter</span> <span class='ocrx_word' id='word_1_212' title='bbox 910 2149 1039 2185; x_wconf 82' lang='lat' dir='ltr'>passus</span> <span class='ocrx_word' id='word_1_213' title='bbox 1057 2148 1094 2171; x_wconf 89' lang='lat' dir='ltr'>D.</span> <span class='ocrx_word' id='word_1_214' title='bbox 1127 2136 1240 2173; x_wconf 81' lang='lat' dir='ltr'>Hanc</span> <span class='ocrx_word' id='word_1_215' title='bbox 1261 2137 1378 2186; x_wconf 86' lang='lat' dir='ltr'>legio-</span> 
     </span>
     <span class='ocr_line' id='line_1_32' title="bbox 235 2193 1377 2247; baseline -0.002 -12"><span class='ocrx_word' id='word_1_216' title='bbox 235 2210 322 2235; x_wconf 87' lang='lat' dir='ltr'>nem</span> <span class='ocrx_word' id='word_1_217' title='bbox 344 2210 513 2246; x_wconf 79' lang='lat' dir='ltr'>sperans,</span> <span class='ocrx_word' id='word_1_218' title='bbox 531 2198 686 2242; x_wconf 84' lang='lat' dir='ltr'>Caesar,</span> <span class='ocrx_word' id='word_1_219' title='bbox 707 2210 747 2233; x_wconf 90' lang='lat' dir='ltr'>se</span> <span class='ocrx_word' id='word_1_220' title='bbox 767 2197 982 2246; x_wconf 77' lang='lat' dir='ltr'>opprimere</span> <span class='ocrx_word' id='word_1_221' title='bbox 1007 2210 1131 2246; x_wconf 83' lang='lat' dir='ltr'>posse,</span> <span class='ocrx_word' id='word_1_222' title='bbox 1151 2204 1190 2233; x_wconf 88' lang='lat' dir='ltr'>et</span> <span class='ocrx_word' id='word_1_223' title='bbox 1219 2193 1377 2247; x_wconf 80' lang='lat' dir='ltr'>cupiens</span> 
     </span>
     <span class='ocr_line' id='line_1_33' title="bbox 234 2257 1377 2307; baseline -0.001 -12"><span class='ocrx_word' id='word_1_224' title='bbox 234 2260 317 2307; x_wconf 83' lang='lat' dir='ltr'>ejus</span> <span class='ocrx_word' id='word_1_225' title='bbox 334 2257 407 2294; x_wconf 86' lang='lat' dir='ltr'>diei</span> <span class='ocrx_word' id='word_1_226' title='bbox 428 2258 700 2294; x_wconf 81' lang='lat' dir='ltr'>detrimentum</span> <span class='ocrx_word' id='word_1_227' title='bbox 716 2257 870 2302; x_wconf 81' lang='lat' dir='ltr'>sarcire,</span> <span class='ocrx_word' id='word_1_228' title='bbox 888 2257 1039 2307; x_wconf 83' lang='lat' dir='ltr'>reliquit</span> <span class='ocrx_word' id='word_1_229' title='bbox 1055 2257 1090 2293; x_wconf 95' lang='lat' dir='ltr'>in</span> <span class='ocrx_word' id='word_1_230' title='bbox 1108 2270 1223 2307; x_wconf 83' lang='lat' dir='ltr'>opere</span> <span class='ocrx_word' id='word_1_231' title='bbox 1240 2258 1377 2294; x_wconf 85' lang='lat' dir='ltr'>cohor-</span> 
     </span>
     <span class='ocr_line' id='line_1_34' title="bbox 233 2318 1375 2370; baseline -0.002 -13"><span class='ocrx_word' id='word_1_232' title='bbox 233 2327 293 2357; x_wconf 80' lang='lat' dir='ltr'>tes</span> <span class='ocrx_word' id='word_1_233' title='bbox 312 2331 360 2365; x_wconf 87' lang='lat'>11,</span> <span class='ocrx_word' id='word_1_234' title='bbox 381 2331 478 2370; x_wconf 86' lang='lat' dir='ltr'>quae</span> <span class='ocrx_word' id='word_1_235' title='bbox 497 2318 666 2369; x_wconf 85' lang='lat' dir='ltr'>speciem</span> <span class='ocrx_word' id='word_1_236' title='bbox 685 2318 906 2356; x_wconf 78' lang='lat' dir='ltr'>munitionis</span> <span class='ocrx_word' id='word_1_237' title='bbox 926 2319 1178 2368; x_wconf 85' lang='lat' dir='ltr'>praeberent:</span> <span class='ocrx_word' id='word_1_238' title='bbox 1221 2318 1301 2369; x_wconf 83' lang='lat' dir='ltr'>ipse</span> <span class='ocrx_word' id='word_1_239' title='bbox 1320 2318 1375 2355; x_wconf 86' lang='lat' dir='ltr'>di-</span> 
     </span>
    </p>
   </div>
  </div>
 </body>
</html>
