1472 2664
234 277 283 312 84
540 273 614 310 DE
650 273 829 310 BELLO
869 273 1036 312 C1V1L1

286 376 353 413 LI.
407 376 564 413 InterIm
593 378 733 414 certior
751 377 875 415 factus
904 377 946 414 P.
969 377 1086 422 Sulla,
1113 389 1225 426 quem
1244 376 1365 414 disce-

233 437 328 474 dens
347 438 478 475 castris
496 437 735 488 praefecerat
755 439 909 484 Caesar,
937 438 1079 475 auxilio
1098 437 1246 474 cohorti
1261 436 1366 474 venit

233 511 320 535 cum
350 499 564 549 legionibus
584 510 631 544 11,
664 501 772 549 cujus
799 500 964 536 adventu
983 499 1095 536 facile
1115 506 1202 536 sunt
1222 497 1364 547 repulsi

234 558 470 610 Pompeiani.
526 559 662 610 Neque
692 571 782 598 vero
811 568 1060 610 conspectum
1087 568 1151 597 aut
1182 558 1365 609 impetum

231 628 447 657 nostrorum
463 621 655 664 tulerunt3
673 621 880 672 primisque
898 621 1057 670 dejectis
1075 620 1210 670 reliqui
1225 632 1265 656 se
1280 631 1365 655 ver-

233 688 374 727 terunt,
407 688 446 719 et
464 682 549 718 loco
569 690 778 720 cesserunt.
835 682 910 720 Sed
937 682 1182 732 insequentes
1201 688 1366 724 nostros,

229 755 276 778 ne
295 742 445 791 longius
464 751 798 793 prosequerentur,
829 743 933 780 Sulla
951 743 1156 780 revocavit.
1210 744 1265 778 At
1283 741 1363 791 ple·

233 803 340 853 rique
360 803 596 847 existimant,
626 804 657 840 si
676 805 799 842 acrius
826 804 971 854 insequi
999 804 1194 849 voluisset,
1221 803 1364 840 bellum

231 877 277 901 eo
297 864 358 901 die
374 865 541 914 potuisse
560 865 670 901 finiri.
725 865 844 914 Cujus
864 865 1061 902 consilium
1081 864 1363 914 reprehenden-

231 925 321 962 dum
350 938 425 962 non
444 925 619 963 videtur:
655 926 752 963 aliae
771 927 870 963 enim
891 933 979 962 sunt
998 926 1113 975 legati
1142 933 1281 975 parteS,
1309 933 1365 962 at-

232 999 305 1036 que
325 985 575 1037 imperatoris.
607 987 704 1024 alter
723 987 850 1024 omnia
868 1000 982 1037 agere
1001 987 1050 1023 ad
1076 986 1365 1036 praescriptum,

229 1046 327 1083 alter
344 1047 462 1084 libere
481 1047 529 1084 ad
548 1060 732 1085 summam
748 1061 872 1085 rerum
893 1047 1093 1084 consulere
1113 1047 1239 1084 debet.
1279 1046 1364 1083 Sul-

228 1107 279 1153 la,
311 1119 333 1144 a
353 1108 517 1145 Caesare
538 1108 670 1145 castris
691 1109 861 1154 relictus,
894 1109 1061 1146 liberatis
1081 1108 1171 1153 suis,
1199 1107 1273 1144 hoc
1293 1107 1365 1144 fuit

228 1175 446 1213 contentus,
474 1181 600 1219 neque
618 1169 763 1218 proelio
783 1169 982 1206 decertare
1001 1169 1132 1214 voluit,
1166 1168 1284 1220 (quac
1303 1181 1364 1205 res

228 1235 356 1266 tamen
387 1229 547 1267 fortasse
577 1229 741 1280 aliquem
771 1230 961 1280 reciperet
991 1229 1142 1280 casum)
1178 1241 1224 1267 ne
1245 1229 1362 1279 impe-

229 1291 387 1328 ratorias
418 1290 490 1327 sibi
509 1298 635 1340 partes
655 1291 831 1327 sumsisse
860 1290 1067 1327 videretur.
1122 1290 1363 1341 Pompeianis

227 1363 403 1400 magnam
418 1364 479 1388 res
491 1352 540 1389 ad
554 1359 752 1402 receptum
765 1351 1024 1389 difficultatem
1037 1352 1231 1389 afferebat.
1253 1352 1364 1396 Nam,

230 1425 278 1449 ex
299 1412 429 1463 iniquo
456 1412 646 1463 progressi
666 1413 766 1458 loco,
798 1411 836 1449 in
857 1425 1003 1449 summo
1029 1413 1302 1449 constiterant:
1332 1413 1363 1449 si

226 1485 296 1524 per
314 1472 460 1510 declive
475 1485 556 1510 sese
576 1472 805 1522 reciperent,
825 1481 973 1510 nostros
986 1485 1040 1509 ‘ex
1055 1473 1250 1523 superiore
1263 1472 1362 1510 inse-

228 1540 391 1584 quentes
410 1532 495 1571 loco
514 1534 768 1570 verebantur:
797 1546 922 1583 neque
942 1534 1102 1570 multum
1123 1534 1170 1570 ad
1190 1534 1278 1571 solis
1298 1547 1363 1571 oc-

227 1607 357 1632 casum
378 1602 576 1645 supererat
595 1594 802 1644 temporis;
830 1607 897 1644 spe
927 1595 1027 1631 enim
1051 1594 1278 1632 conficiendi
1296 1608 1362 1632 ne-

226 1655 319 1706 gotii
339 1668 459 1706 prope
478 1655 514 1692 in
535 1662 687 1693 noctem
707 1668 785 1692 rem
806 1655 1006 1692 duxerant.
1053 1655 1124 1699 Ita,
1146 1657 1361 1694 necessario

225 1724 341 1768 atque
361 1729 411 1753 ex
431 1723 603 1767 ternpore
623 1724 735 1766 capto
756 1716 927 1762 consilio,
948 1716 1151 1766 Pompeius
1171 1718 1360 1754 tumulum

225 1779 415 1829 quendam
435 1777 649 1828 occupavit,
681 1778 745 1827 qui
764 1784 911 1814 tantuin
937 1777 1067 1814 aberat
1086 1789 1108 1814 a
1128 1787 1257 1815 nostro
1277 1792 1358 1816 cas-

225 1840 331 1885 tello,
363 1847 403 1877 ut
424 1839 542 1876 telum
573 1845 853 1876 tormentumve
883 1838 1037 1875 missum
1058 1839 1159 1889 adigi
1179 1853 1253 1877 non
1274 1853 1359 1890 pos-

222 1908 292 1937 set.
349 1900 437 1937 Hoc
457 1899 631 1937 consedit
658 1899 758 1944 loco,
778 1907 893 1949 atque
914 1912 1000 1936 eum
1020 1902 1258 1947 communiit,
1278 1915 1359 1939 om·

222 1972 366 2009 nesque
387 1959 437 1996 ibi
458 1959 587 2009 copias
607 1958 808 1996 continuit.

271 2020 360 2056 L11.
417 2019 560 2057 Eodem
581 2027 751 2069 tempore
771 2018 919 2057 duobus
935 2030 1132 2071 praeterea
1150 2021 1242 2059 locis
1261 2036 1357 2072 pug-

220 2088 351 2118 natum
371 2089 441 2118 est.
470 2094 556 2118 nam
578 2081 686 2131 plura
704 2082 862 2119 castella
883 2081 1086 2131 Pompeius
1107 2083 1260 2131 pariter,
1282 2083 1357 2120 dis·

219 2141 399 2179 tinendae
430 2154 564 2179 manus
592 2155 739 2187 caussa,
767 2149 995 2187 tentaverat,
1025 2155 1072 2178 ne
1102 2155 1149 2179 ex
1177 2143 1356 2192 proximis

219 2201 414 2252 praesidiis
433 2202 603 2240 succurri
630 2211 769 2253 posset.
826 2204 913 2240 Uno
932 2203 1016 2240 loco
1038 2202 1234 2240 Volcatius
1263 2204 1354 2241 Tul-

218 2262 277 2299 lus
308 2262 489 2313 impet‘um
515 2263 675 2313 legionis
695 2264 872 2301 sustinuit
905 2263 1125 2300 cohortibus
1147 2275 1212 2309 ιιι,
1240 2271 1355 2314 atque

219 2336 303 2361 eam
319 2323 405 2362 loco
423 2323 592 2375 depulit:
613 2324 733 2363 altero
749 2324 946 2370 Germani,
967 2325 1193 2363 munitiones
1209 2333 1355 2363 nostras
