1472 2664
223 264 296 299 114
558 261 631 300 DE
669 262 846 299 BELLO
887 262 1053 300 CIVILI

222 364 269 400 de
306 364 464 401 classem
501 365 694 415 profectus
726 374 783 403 est
815 366 1005 404 Vibonem
1026 381 1034 403 :
1081 365 1359 417 applicatisque

221 425 359 461 nostris
390 425 438 462 ad
458 432 597 462 terram
618 426 787 472 navibus,
807 434 964 477 propter
983 427 1146 464 eundem
1168 427 1357 472 timorem,

219 485 314 534 pari,
343 493 457 535 atque
476 493 600 532 antea,
634 487 780 524 ratione
813 487 902 537 egit.
971 488 1190 525 Secundum
1222 495 1356 524 nactus

218 551 388 589 ventum,
419 546 609 583 onerarias
637 559 752 584 naves
772 547 926 584 circiter
945 559 1012 593 xL,
1048 555 1289 598 praeparatas
1308 547 1357 584 ad

218 605 453 651 incendium,
493 606 658 653 immisit,
701 615 753 653 et,
782 608 933 645 flamma
966 608 1012 645 ab
1045 616 1206 659 utroque
1238 621 1357 645 cornu

217 667 506 716 comprehensa,
535 680 647 704 naves
680 676 767 706 sunt
795 669 1014 706 combustae
1047 683 1081 706 ν.
1147 670 1354 718 Quumque

218 726 316 776 ignis
347 727 609 776 magnitudine
629 729 732 765 venti
752 729 863 766 latius
895 737 1080 780 serperet,
1108 729 1259 774 milites,
1292 728 1357 779 qui

217 800 266 823 cx
287 787 477 824 veteribus
509 788 724 838 legionibus
757 798 863 826 erant
895 791 1017 828 relicti
1038 789 1227 841 praesidio
1253 790 1356 826 navi-

216 848 300 892 bus,
321 861 369 885 ex
390 861 549 886 numero
564 862 779 899 aegrorum,
800 851 1045 900 ignominiam
1065 865 1140 889 non
1160 851 1330 888 tulerunt
1347 867 1356 894 ;

216 909 283 945 sed
301 922 369 946 sua
388 917 523 959 sponte
543 922 656 947 naves
676 911 996 956 conscenderunt,
1017 919 1056 948 ct
1075 925 1096 949 a
1115 920 1217 949 terra
1235 912 1356 949 solve-

216 977 319 1014 runt,
333 969 553 1020 impetuque
569 970 670 1007 facto
686 971 722 1007 in
740 972 958 1008 Cassianam
975 972 1148 1018 classem,
1168 973 1355 1024 quinque-

216 1041 339 1066 remes
370 1041 417 1074 11,
448 1031 485 1066 in
505 1043 664 1080 quarum
690 1031 809 1069 altera
839 1039 920 1068 erat
953 1033 1118 1079 Cassius,
1138 1040 1356 1084 ceperunt:

215 1089 283 1125 sed
315 1089 481 1135 Cassius,
514 1098 702 1141 exceptus
737 1092 891 1142 scapha,
929 1092 1081 1143 refugit.
1149 1093 1355 1132 Praeterea

215 1150 314 1187 (luae
333 1157 421 1187 sunt
454 1151 715 1202 deprehensae
736 1153 920 1190 triremes.
975 1154 1110 1204 Neque
1131 1155 1249 1192 multo
1268 1163 1355 1205 post

215 1211 263 1247 de
283 1211 428 1261 proelio
448 1212 552 1249 facto
578 1213 615 1249 in
639 1213 834 1250 Thessalia
853 1215 1048 1264 cognitum
1082 1223 1162 1259 est;
1191 1224 1232 1253 ut
1265 1216 1354 1266 ipsis

215 1271 459 1322 Pompeianis
488 1272 582 1310 fidos
601 1273 731 1311 fieret:
760 1287 846 1311 nam
866 1283 954 1312 ante
974 1275 1012 1312 id
1032 1284 1180 1326 tempus
1210 1276 1302 1326 fingi
1333 1289 1356 1314 a

214 1333 349 1383 legatis
369 1334 577 1384 amicisque
594 1335 766 1372 Caesaris
781 1335 1073 1374 arbitrabantur.
1128 1338 1275 1378 Quibus
1295 1350 1353 1374 re-

214 1395 285 1431 bus
305 1395 483 1444 cognitis,
512 1409 561 1432 ex
577 1395 621 1432 iis
640 1396 734 1433 locis
750 1396 901 1442 Cassius
922 1410 1008 1434 cum
1030 1397 1149 1435 classe
1169 1398 1354 1436 discessit.

265 1455 352 1493 CII.
406 1456 563 1502 Caesar,
591 1457 765 1494 omnibus
798 1458 910 1495 rebus
939 1458 1095 1505 relictis,
1122 1471 1353 1510 persequen-

217 1517 307 1554 dum
323 1517 392 1554 sibi
408 1517 632 1567 Pompeium
645 1518 889 1563 existimavit,
909 1532 1154 1570 quascunque
1170 1520 1207 1556 in
1226 1528 1353 1570 partes

212 1590 263 1615 ex
282 1578 372 1627 suga
391 1591 431 1614 se
452 1578 672 1628 recepisset,
700 1591 747 1615 ne
767 1591 895 1616 rursus
915 1580 1044 1630 copias
1074 1594 1294 1631 comparare
1313 1594 1352 1619 a-

211 1640 293 1683 lias,
325 1647 362 1676 et
381 1639 523 1676 bellurn
543 1651 738 1684 renovare,
759 1647 911 1689 posset:
941 1647 992 1686 et,
1013 1649 1349 1692 quantumcunque

213 1700 359 1737 itineris
380 1700 552 1750 equitatu
572 1699 720 1737 efficere
741 1707 903 1750 poterat,
937 1701 1107 1751 quotidie
1130 1702 1351 1752 progredie-

210 1762 336 1805 batur,
357 1761 624 1811 legionemque
641 1773 754 1798 unam
775 1760 981 1798 minoribus
1001 1761 1199 1799 itineribus
1219 1763 1349 1801 subse-

212 1820 277 1869 qui
291 1820 416 1869 jussit.
461 1818 553 1856 Erat
574 1818 740 1856 edictum
762 1819 933 1870 Pompeii
953 1822 1106 1859 nomine
1127 1822 1349 1873 Amphipoli

211 1879 462 1930 propositum,
483 1879 536 1916 uti
554 1891 685 1916 omnes
701 1881 782 1929 ejus
795 1879 1014 1929 provinciae
1025 1880 1211 1930 juniores,
1227 1882 1350 1919 Grae-

211 1940 246 1977 ci
266 1940 443 1991 civesque
465 1939 642 1985 Romani,
657 1940 810 1989 jurandi
831 1953 964 1978 caussa
977 1941 1244 1978 convenirent:
1267 1943 1349 1989 sed,

210 2007 338 2036 utrum
357 2000 586 2037 avertendae
606 2000 830 2050 suspicionis
845 2013 978 2038 caussa
992 2001 1196 2051 Pompeius
1209 2016 1348 2053 propo-

210 2059 358 2105 suisset,
393 2068 434 2097 ut
453 2073 565 2110 quam
585 2060 795 2098 diutissime
814 2061 996 2112 longioris
1015 2062 1128 2112 fugae
1149 2062 1349 2100 consilium

209 2121 435 2166 occultaret,
475 2135 521 2158 an
553 2121 659 2158 novis
692 2121 910 2168 dilectibus,
939 2123 969 2159 si
998 2135 1110 2160 nemo
1142 2131 1349 2173 premerer,

210 2181 481 2219 Macedoniam
512 2190 643 2219 tenere
664 2190 879 2229 conaretur,
911 2182 1119 2220 existimari
1140 2196 1216 2219 non
1239 2190 1348 2233 pote—

209 2250 279 2280 rat.
321 2242 408 2294 Ipse
428 2243 475 2280 ad
495 2243 700 2280 anchoram
721 2256 797 2280 una
815 2251 930 2281 nocte
950 2243 1144 2287 constitit;
1164 2250 1216 2289 et,
1236 2256 1349 2282 voca·

210 2304 255 2342 tis
274 2303 322 2342 ad
341 2316 380 2341 se
398 2303 623 2355 Amphipoli
642 2303 871 2354 hospitibus,
899 2311 938 2342 et
956 2303 1121 2355 pecunia
1147 2304 1195 2342 ad
1214 2316 1347 2342 neces-
