1472 2664
522 293 688 332 LIBER
741 293 815 332 111.
1201 298 1253 337 79

100 396 238 443 stituit,
265 406 519 448 vecturasque
538 397 721 434 frumenti
741 396 914 434 finitimis
934 396 1151 435 civitatibus
1180 398 1248 436 de-

105 457 278 508 scripsit:
307 457 412 503 item,
441 458 566 504 Lisso,
596 458 879 508 Parthinisque,
913 467 952 495 et
971 457 1146 496 omnibus
1167 472 1248 497 cas-

105 516 204 553 tellis
219 518 322 568 quod
337 526 436 555 esset
450 518 646 564 frumenti,
662 517 835 568 conquiri
847 519 972 567 jussit.
1006 518 1052 555 Id
1067 526 1148 555 erat
1163 532 1250 569 per-

106 577 304 627 exiguum,
333 591 449 628 quum
465 578 581 628 ipsius
593 578 675 629 agri
690 585 838 624 natura,
872 579 973 629 quod
988 586 1077 616 sunt
1090 579 1176 616 loca
1191 592 1248 616 as-

107 650 199 688 pera
228 646 267 676 et
285 647 502 684 montuosa,
529 652 575 677 ac
604 639 829 689 plerumque
863 639 1056 678 frumento
1089 648 1249 677 utuntur

97 698 325 750 importato;
355 708 435 737 tum
456 700 560 750 quod
586 699 791 750 Pompeius
811 700 906 737 haec
940 700 1174 751 providerat,
1206 710 1246 738 et

95 759 354 809 superioribus
374 759 508 797 diebus
527 759 692 811 praedae
712 759 799 797 loco
820 759 1023 797 Parthinos
1042 760 1242 803 habuerat,

93 819 409 871 frumentumque
437 833 549 857 omne
578 820 848 870 conquisitum,
881 821 1051 870 spoliatis
1079 820 1241 857 effossis-

96 892 170 930 que
191 894 322 918 eorum
342 880 530 926 domibus,
558 894 627 931 per
646 881 796 931 equites
815 888 1087 931 comportarat.

146 941 295 978 XLIII.
349 942 498 984 Quibus
519 942 632 979 rebus
660 942 838 992 cognitis,
873 942 1013 980 Caesar
1041 943 1241 980 consilium

96 1002 200 1053 capit
214 1014 264 1038 ex
279 1002 354 1039 loci
374 1009 521 1039 natura.
563 1002 685 1039 Erant
705 1002 805 1039 enirn
822 1003 967 1040 circum
983 1010 1109 1040 castra
1128 1003 1243 1040 Pom-

93 1063 170 1115 peii
190 1062 369 1114 permulti
389 1063 482 1101 editi
499 1071 615 1114 atque
634 1064 758 1114 asperi
779 1064 909 1101 colles.
962 1064 1048 1102 Hos
1075 1064 1241 1114 primum

95 1123 294 1174 praesidiis
314 1123 452 1169 tenuit,
472 1123 705 1173 castellaque
725 1124 777 1160 ibi
796 1123 1046 1160 communiit:
1074 1123 1178 1168 inde,
1200 1130 1244 1159 ut

94 1183 171 1222 loci
191 1185 376 1234 cujusque
397 1190 532 1220 natura
549 1182 712 1229 ferebat,
732 1195 782 1220 ex
801 1182 959 1220 castello
980 1182 1018 1218 in
1039 1183 1239 1220 castellum

90 1246 281 1296 perducta
298 1245 525 1291 munitione,
557 1244 846 1282 circumvallare
877 1243 1102 1294 Pompeium
1131 1243 1237 1280 insti-

92 1307 187 1345 tuit:
210 1307 307 1345 haec
321 1313 513 1357 spectanS,
533 1305 636 1355 quod
650 1312 813 1355 angusta
832 1317 871 1341 re
892 1303 1140 1341 frumentaria
1155 1311 1238 1341 ute-

91 1368 218 1413 batur‚
253 1366 433 1418 quodque
454 1366 660 1416 Pompeius
680 1365 925 1402 multitudine
945 1364 1117 1415 equitum
1136 1365 1238 1402 valc-

89 1429 169 1474 bat,
201 1441 277 1479 quo
306 1428 453 1465 minore
483 1427 655 1478 periculo
681 1427 850 1478 undique
877 1426 1111 1463 frumentum
1132 1439 1239 1463 com-

88 1497 334 1540 meatumque
366 1488 556 1526 exercitui
585 1496 811 1538 supportare
831 1495 982 1538 possen
1015 1487 1140 1533 simul,
1178 1488 1233 1524 uti

90 1549 336 1600 pabulatione
354 1548 576 1598 Pompeium
591 1548 826 1597 prohiberet,
845 1546 1136 1597 equitatumque
1155 1548 1238 1596 ejus

91 1610 141 1647 ad
160 1623 240 1647 rem
260 1609 469 1660 gerendam
489 1608 662 1646 inutilem
682 1607 875 1650 efficeret;
896 1607 1030 1653 tertio,
1043 1615 1086 1644 ut
1105 1617 1236 1646 aucto-

91 1671 257 1716 ritatem,
290 1682 366 1720 qua
385 1669 448 1707 ille
476 1668 642 1706 maxime
673 1668 774 1718 apud
794 1675 948 1705 exteras
970 1668 1144 1706 nationes
1164 1669 1232 1707 niti

89 1731 304 1776 videbatur,
324 1730 528 1775 minueret,
552 1742 669 1779 quum
689 1729 790 1765 fama
808 1741 876 1778 per
896 1729 1026 1765 orbem
1046 1736 1233 1766 terrarum

88 1790 385 1842 percrebuisset,
405 1789 511 1826 illum
527 1802 550 1826 a
570 1788 723 1826 Caesari
744 1788 925 1834 obsideri,
947 1800 1071 1838 neque
1087 1789 1229 1826 audere

90 1851 237 1903 proelio
264 1851 458 1889 dimicare.

139 1912 283 1949 XLIV.
335 1911 542 1962 Pompeius
575 1923 700 1961 neque
732 1922 754 1947 a
782 1910 876 1947 mari
910 1910 1232 1961 Dyrrhachioque

87 1972 286 2010 discedere
302 1972 467 2017 volebat,
487 1971 590 2022 quod
610 1984 761 2008 omnem
777 1978 1000 2020 apparatum
1016 1971 1119 2017 belli,
1139 1972 1230 2018 tela,

83 2046 202 2079 arma,
215 2040 424 2078 tormenta,
440 2032 490 2069 ibi
507 2033 774 2077 collocaverat,
791 2032 1102 2082 frumentumque
1118 2045 1230 2070 exer-

85 2094 177 2132 citui
195 2094 352 2131 navibus
371 2093 619 2143 supportabat
634 2109 642 2135 ;
669 2105 795 2143 neque
811 2091 1041 2130 munitiones
1057 2093 1231 2131 Caesaris

84 2154 288 2205 prohibere
308 2161 472 2205 poterat,
493 2154 563 2191 nisi
583 2154 726 2204 proelio
746 2154 944 2191 decertare
965 2154 1092 2199 vellet,
1126 2155 1230 2205 quod.

85 2227 133 2252 eo
153 2222 327 2265 tempore
346 2222 533 2252 statuerat
551 2228 627 2252 non
643 2227 726 2252 esse
743 2213 975 2252 faciendum.
1021 2215 1229 2266 Relinque-

82 2275 209 2322 batur,
225 2283 280 2319 ut,
297 2284 507 2314 extremam
522 2276 707 2314 rationem
720 2275 811 2313 belli
826 2287 1002 2325 sequens,
1020 2288 1130 2326 quam
1146 2276 1228 2324 plu-

74 2335 199 2375 ‘rimos
230 2337 347 2376 colles
375 2344 599 2388 occuparet,
631 2344 670 2374 et
699 2349 812 2388 quam
831 2337 1031 2375 latissimas
1050 2337 1231 2387 regiones
