1472 2664
255 243 327 279 192
684 244 734 279 A.
775 241 953 280 HIRTII

249 343 364 381 bieno
389 344 577 390 adductis,
611 358 739 383 rursus
773 346 1042 390 Achillstanos,
1073 345 1206 383 castris
1237 345 1384 396 positis,

248 405 422 443 obsidere
441 406 581 456 coepit.

300 465 485 502 XXXIV.
513 466 588 503 Per
601 466 639 504 id
651 474 801 517 tempus
815 467 859 505 C.
874 466 1073 504 Sallustius
1088 467 1258 517 Crispus,
1273 479 1386 518 quem

248 527 381 576 paucis
400 534 489 564 ante
509 527 644 565 diebus
663 528 817 564 missum
845 539 867 565 a
893 528 1056 565 Caesare
1077 542 1164 565 cum
1184 528 1304 565 classe
1323 528 1388 566 de-

249 587 555 634 monstravimus,
585 588 785 626 Cercinam
815 589 1000 639 pervenit.
1068 589 1188 638 Cujus
1223 589 1389 626 adventu

247 647 291 684 C.
313 647 525 693 Decimius,
554 649 807 699 quaestorius,
836 649 898 698 qui
925 649 974 684 ibi
1005 662 1091 686 cum
1122 650 1258 699 grandi
1279 649 1387 686 fami-

245 707 318 745 liae
336 721 426 745 suae
447 709 633 759 praesidio
648 716 823 759 praeerat
839 709 1082 754 commeatui,
1103 709 1300 759 parvulum
1316 722 1384 746 na-

247 768 389 818 vigium
410 778 559 815 nactuS,
593 769 832 815 conscendit,
866 782 910 806 ac
931 782 970 807 se
990 769 1103 820 fugae
1136 772 1390 809 commendat.

248 829 450 867 Sallustius
471 830 618 868 interim
650 837 816 880 praetor,
844 842 867 866 a
899 830 1165 868 Cercinatibus
1198 839 1389 882 receptus,

248 902 387 940 magno
425 903 584 929 numero
618 890 799 928 frumenti
832 891 1002 936 invento,
1039 904 1153 929 naves
1186 893 1391 937 onerarias,

247 964 408 1002 quarum
424 952 475 989 ibi
494 953 584 989 satis
602 964 740 1001 magna
755 951 865 1001 copia
884 951 969 997 suit,
989 954 1172 1003 complet,
1204 960 1318 1004 atque
1348 954 1387 990 in

246 1020 371 1050 castra
383 1013 431 1050 ad
447 1013 651 1051 Caesarem
671 1013 801 1050 mittit.
856 1012 1031 1050 Allienus
1053 1013 1204 1050 interim
1223 1026 1388 1064 procon-

244 1074 335 1111 sule
349 1073 534 1124 Lilybaeo
549 1074 585 1110 in
602 1086 716 1110 naves
732 1073 925 1110 onerarias
941 1073 1101 1122 imponit
1116 1072 1287 1123 legiones
1302 1085 1384 1110 x111

245 1140 286 1172 e‘t
304 1147 394 1180 XIV,
423 1143 462 1172 et
480 1135 629 1184 equites
650 1134 783 1171 Gallos
804 1146 920 1179 Dece,
939 1133 1174 1171 funditorum
1200 1134 1389 1184 sagittari-

246 1208 433 1246 orumque
454 1195 570 1240 mille,
590 1207 635 1231 ac
655 1195 866 1232 secundum
889 1203 1143 1232 commeatum
1160 1195 1197 1231 in
1214 1195 1387 1233 Africam

245 1256 365 1293 mittit
383 1255 431 1293 ad
460 1257 687 1294 Caesarem:
717 1268 814 1306 quae
845 1268 973 1301 naves,
992 1263 1146 1293 ventum
1175 1257 1389 1294 secundum

243 1322 395 1360 nactae,
412 1327 456 1352 lv
472 1316 534 1352 die
547 1315 583 1352 in
597 1322 750 1366 portum
767 1316 812 1353 ad
831 1315 1055 1366 Ruspinam,
1072 1316 1136 1353 ubi
1153 1316 1294 1354 Caesar
1308 1327 1392 1354 cas--

245 1383 304 1414 tra
322 1376 522 1421 habuerat,
543 1375 753 1413 incolumes
768 1384 1038 1427 pervenerunt.
1074 1377 1134 1414 Ita
1150 1377 1304 1423 Caesar,
1320 1378 1390 1415 ‹Iu-

245 1437 335 1488 plici
354 1437 500 1474 laetitia
518 1450 563 1475 ac
594 1437 789 1487 voluptate
822 1450 898 1475 uno
930 1445 1103 1488 tempore
1132 1446 1280 1484 auctus,
1311 1438 1391 1476 fru-

243 1505 375 1535 mento
393 1498 637 1548 auxiliisque,
673 1498 843 1544 tandem,
862 1498 939 1535 suis
959 1498 1192 1545 exhilaratis,
1219 1508 1391 1538 annona-

247 1571 321 1609 que
340 1559 480 1605 levata,
499 1559 795 1597 sollicitudinem
816 1557 1003 1610 deponit';
1030 1559 1202 1610 legiones
1222 1560 1388 1611 equites·

246 1632 336 1670 que,
369 1632 417 1657 ex
438 1620 597 1658 navibus
625 1633 813 1670 egressos,
827 1621 940 1669 jubet
960 1632 1009 1657 ex
1027 1621 1211 1671 languore
1231 1631 1391 1660 nausea-

245 1694 320 1731 que
341 1680 524 1724 reficere;
551 1681 725 1718 dimissos
753 1681 791 1718 in
811 1681 967 1718 castella
985 1682 1293 1733 munitionesque
1312 1682 1388 1720 dis-

244 1742 364 1791 ponit.

297 1803 460 1840 XXXV.
516 1805 663 1846 Quibus
683 1804 794 1842 rebus
829 1804 971 1855 Scipio,
1002 1805 1142 1856 quique
1174 1818 1261 1843 cum
1281 1818 1328 1844 eo
1349 1818 1390 1844 e·-

245 1872 330 1902 rant
349 1864 522 1911 comites,
551 1864 692 1909 mirari,
721 1872 760 1902 et
779 1865 996 1915 requirere:
1027 1866 1070 1903 C.
1085 1867 1303 1914 Caesarem,
1323 1867 1394 1918 qui'

244 1924 346 1961 ultro
366 1925 588 1963 consuesset
607 1925 748 1962 bellum
769 1925 923 1970 inferre,
952 1938 996 1963 ac
1012 1925 1200 1963 lacessere
1227 1926 1388 1976 proelio,

244 1985 371 2022 subito
391 1993 666 2023 commutatum
697 1998 773 2023 non
806 1986 887 2023 sine
919 1998 1059 2036 magno
1079 1986 1239 2024 consilio
1267 1988 1387 2039 suspi-

243 2047 440 2083 cabantur.
486 2047 635 2097 Itaque,
655 2059 704 2084 ex
724 2048 806 2096 ejus
825 2047 1010 2098 patientia
1025 2047 1062 2084 in
1079 2059 1258 2098 magnum
1274 2047 1386 2086 timo-

244 2114 323 2143 rem
345 2108 524 2156 conjecti,
558 2121 607 2145 ex
641 2107 815 2144 Gaetulis
841 2107 949 2153 duos,
978 2122 1074 2159 quos
1106 2109 1393 2146 arbitrabantur

244 2167 320 2204 suis
340 2168 453 2205 rebus
473 2168 734 2213 amicissimos,
765 2168 910 2218 magnis
939 2169 1115 2220 praemiis
1144 2170 1387 2220 pollicitatio-

245 2228 434 2277 nibusque
461 2229 677 2278 propositis,
707 2243 774 2279 pro
796 2229 981 2280 perfugis,
1008 2230 1231 2280 speculandi
1246 2230 1384 2281 gratia,

246 2288 284 2324 in
304 2286 478 2326 Caesaris
497 2296 622 2327 castra
641 2289 810 2327 mittunt.
830 2291 906 2341 qui,
923 2290 1034 2327 simul
1048 2290 1097 2329 ad
1111 2303 1198 2328 eum
1212 2298 1302 2328 sunt
1319 2290 1386 2327 deu
