1472 2664
263 256 337 292 ‘234
560 253 785 292 INCERTI
823 253 1098 292 AUCTORIs

267 356 500 407 scripsimus,
519 357 712 407 bipartito.
750 357 840 394 Huc
860 369 976 408 quum
996 355 1201 406 Pompeius
1220 368 1307 392 cum
1327 356 1402 392 suis

267 417 387 468 copiis
406 418 584 463 venisset,
613 431 663 455 ex
683 419 841 456 adverso
869 418 950 468 pari
970 418 1116 455 ratione
1136 424 1259 454 castra
1282 417 1402 466 ponit.

267 477 422 523 Caesar,
453 484 495 514 ut
514 490 601 514 eum
620 478 668 515 ab
694 478 834 528 oppido
854 485 1145 527 commeatuque
1163 476 1403 521 excluderet,

264 537 462 575 brachium
482 537 530 574 ad
553 545 710 588 pontem
729 538 872 575 ducere
891 537 1030 588 coepit.
1086 537 1172 574 Pari
1193 537 1292 574 idem
1313 550 1404 574 con-

264 597 409 636 ditione
429 598 645 648 Pompeius.
700 598 777 636 Hic
798 598 896 636 inter
923 599 1041 636 duces
1061 598 1156 636 duos
1183 598 1228 635 fit
1247 606 1404 636 conten-

264 659 333 704 tio,
355 665 437 695 uter
457 657 560 707 prius
582 665 738 708 pontem
758 667 989 710 occuparet:
1017 673 1065 697 ex
1086 672 1161 710 qua
1189 659 1404 697 contentio·

261 731 311 756 ne
330 718 551 769 quotidiana
569 718 715 757 minuta
732 720 877 770 proelia
896 720 1051 766 fiebant,
1072 728 1113 758 ut
1132 721 1245 759 modo
1264 721 1303 757 hi
1323 734 1403 758 mo·

259 778 309 815 do
325 777 378 815 illi
397 777 613 829 superiores
629 779 884 817 discederent.
921 781 1031 822 Quae
1050 794 1109 818 res
1124 794 1239 832 quum
1257 782 1305 818 ad
1324 795 1403 819 ma-

255 839 381 889 jorem
410 838 697 876 contentionem
716 840 895 886 venisset,
924 841 971 878 ab
991 841 1162 892 utrisque
1190 842 1404 878 comminus

259 912 389 950 pugna
401 899 508 945 inita,
524 899 614 937 dum
627 899 802 951 cupidius
816 900 942 938 locum
958 901 1114 940 student
1129 909 1275 948 tenere,
1292 915 1404 953 prop·-

258 967 318 999 ter
332 967 490 1012 pontem
506 961 871 1012 coangustabantur,
891 969 944 1008 et,
963 961 1130 1000 fluminis
1149 963 1248 1013 ripas
1266 975 1404 1014 appro-

255 1021 504 1074 pinquantes,
523 1022 766 1072 coangustati
786 1022 1150 1073 praecipitabantur.
1195 1023 1275 1060 Hic
1294 1024 1405 1061 alteri

255 1082 384 1120 alteris
399 1095 476 1119 non
490 1082 612 1120 solum
628 1089 790 1121 mortem
807 1084 920 1120 morti
939 1085 1241 1134 exaggerabant,
1260 1084 1328 1122 sed
1344 1091 1406 1121 tu-

255 1145 378 1183 mulos
399 1145 552 1183 tumulis
571 1146 850 1196 exaequabant.
903 1146 962 1183 Ita
983 1145 1116 1183 diebus
1145 1145 1405 1197 compluribus

256 1206 437 1257 cupiebat
453 1206 609 1252 Caesar,
628 1205 657 1242 si
675 1218 750 1256 qua
765 1206 986 1244 conditione
1005 1217 1147 1257 posset,
1167 1206 1403 1245 adversarios

255 1267 294 1304 in
310 1279 476 1317 aequum
489 1267 618 1305 locum
638 1266 846 1314 deducere,
865 1274 905 1305 et
917 1267 1040 1318 primo
1057 1281 1208 1319 quoque
1228 1275 1402 1318 tempore

255 1327 304 1365 de
322 1327 426 1365 bello
445 1327 668 1365 decernere.

309 1388 378 1426 VI.
431 1388 479 1426 Id
507 1402 624 1439 quum
643 1388 966 1427 animadverteret
994 1388 1229 1427 adversarios
1249 1389 1405 1427 minime

254 1450 368 1495 velle,
389 1463 485 1501 quos
503 1449 591 1488 idco
610 1463 633 1487 a
651 1449 711 1487 via
729 1457 958 1496 retraxerat,
977 1457 1021 1487 ut
1039 1450 1078 1487 in
1097 1462 1263 1501 aequum
1283 1449 1403 1488 dedu-

253 1518 382 1555 ceret;
411 1511 532 1562 copiis
559 1510 703 1548 fiumen
732 1510 981 1557 transductis,
1010 1518 1130 1548 noctu
1151 1511 1265 1560 jubet
1293 1511 1400 1560 ignes

252 1572 335 1609 fieri
355 1585 526 1622 magnos.
579 1571 641 1608 Ita
660 1571 914 1609 firmissimum
944 1573 1026 1622 ejus
1045 1570 1278 1622 praesidium
1306 1571 1403 1608 Ate-

253 1646 369 1684 guam
401 1631 670 1683 proficiscitur.
723 1631 770 1669 Id
790 1646 907 1683 quum
927 1631 1133 1683 Pompeius
1153 1645 1202 1669 ex
1231 1631 1403 1682 perfugis

251 1696 444 1741 rescisset,
464 1706 511 1731 ea
529 1693 591 1730 die
611 1706 680 1744 per
698 1693 845 1731 viarum
865 1692 1060 1743 angustias
1079 1706 1188 1731 carra
1206 1693 1404 1744 complura

251 1756 472 1806 multosque
489 1753 647 1792 lanistas
667 1753 843 1799 retraxit,
862 1760 902 1791 et
921 1753 970 1790 ad
995 1753 1214 1791 Cordubam
1235 1765 1275 1791 se
1295 1765 1402 1790 rece·

250 1818 319 1869 pit.
353 1818 496 1856 Caesar
509 1815 786 1854 munitionibus
805 1815 997 1866 Ateguam
1012 1827 1248 1865 oppugnare,
1265 1821 1304 1851 et
1316 1814 1403 1851 bra-

249 1879 335 1918 chia
356 1877 662 1924 circumducere,
682 1876 831 1927 coepit:
861 1877 972 1926 cujus
991 1876 1046 1913 rei
1067 1874 1251 1926 Pompeio
1281 1888 1398 1924 quum

249 1939 414 1978 nuncius
442 1945 544 1978 esset
561 1938 713 1984 allatus,
740 1950 787 1975 eo
807 1936 869 1974 die
895 1936 1162 1988 proficiscitur.
1225 1936 1345 1985 Cujus
1364 1936 1401 1972 in

249 2001 471 2046 adventum,
500 1997 679 2050 praesidii
699 2010 846 2044 caussa,
868 1998 1010 2035 Caesar
1029 1997 1225 2048 complura
1245 1997 1401 2033 castella

250 2060 469 2111 occupavit,
497 2059 636 2111 partim
656 2058 722 2096 ubi
741 2058 949 2109 equitatus,
969 2058 1106 2109 partim
1127 2057 1191 2094 ubi
1211 2057 1399 2108 pedestris

247 2122 362 2173 copia
379 2123 418 2158 in
437 2121 617 2167 statione,
637 2128 677 2157 et
695 2119 734 2156 in
753 2119 954 2166 excubitu,
975 2119 1107 2157 castris
1127 2117 1319 2168 praesidio
1339 2130 1399 2155 es-

247 2197 289 2222 se
309 2189 477 2235 possent.
514 2181 593 2219 Hic
614 2181 652 2218 in
667 2180 835 2218 adventu
852 2180 1026 2232 Pompeii
1046 2179 1193 2225 incidit,
1214 2185 1256 2216 ut
1275 2185 1399 2216 matu·

246 2245 327 2282 tino
354 2251 528 2293 tempore
557 2241 699 2280 nebula
717 2249 818 2279 esset
838 2241 1093 2280 crassissima:
1123 2241 1252 2290 itaque
1273 2240 1311 2276 in
1332 2239 1395 2276 illa

245 2303 516 2344 obscuratione
536 2315 622 2341 cum
639 2302 785 2353 aliquot
806 2303 1044 2348 cohortibus,
1065 2310 1104 2339 ct
1123 2301 1295 2352 equitum
1316 2308 1395 2338 tur-
