1472 2664
206 243 255 279 114
507 240 583 279 DE
631 240 814 280 BELLO
862 242 1031 281 CIVILI

204 342 332 380 “liam
354 350 469 394 atque
501 345 687 392 Africam,
716 346 797 384 sine
826 347 963 397 quibus
982 348 1115 384 urbem
1136 355 1251 399 atque
1271 348 1350 386 Ita-

202 403 331 441 ‘.·‘liam
362 404 461 442 tueri
482 418 557 443 non
578 414 718 456 potest,
747 415 896 445 vestrae
915 408 1004 445 fidei
1025 408 1229 446 commisit.
1267 410 1350 447 Ad-

203 469 231 488 “
245 473 348 511 sunt,
369 466 433 517 qui
453 480 518 503 vos
530 467 748 513 hortentur,
763 475 805 505 ut
820 481 842 505 a
858 469 967 505 nobis
983 469 1218 506 desciscatis.
1247 469 1353 512 Quid

202 531 229 549 “
245 527 345 564 enim
365 535 424 564 est
443 527 516 565 illis
532 529 713 578 optatius,
731 542 842 580 quam
858 542 933 566 uno
947 537 1119 580 tempore
1133 537 1172 567 et
1188 542 1256 567 nos
1275 530 1349 567 cii·-

202 592 230 610 “
246 588 479 635 cumvenire,
510 596 550 626 et
568 602 633 626 vos
653 590 800 628 nefario
821 590 966 628 scelere
986 591 1255 640 obstringere?
1285 597 1352 628 aut

202 653 228 671 ‘⁴
244 649 335 699 quid
356 649 440 686 irati
459 650 613 699 gravius
633 651 680 688 de
697 651 803 688 vobis
822 652 965 688 sentire
984 659 1157 702 possunt,
1178 663 1291 701 quam
1307 658 1350 688 ut

200 714 227 732 “
242 722 308 746 eos
327 711 512 760 prodatis,
534 711 596 761 qui
613 723 654 748 se
666 712 774 749 vobis
794 712 921 749 omnia
936 712 1079 749 debere
1095 711 1272 761 judicant
1288 726 1297 754 ;
1315 711 1353 748 in

199 775 227 794 “
241 784 374 808 eorum
403 778 637 822 potestatem
657 772 831 818 veniatis,
865 773 929 823 qui
950 786 990 810 se
1010 785 1078 822 per
1105 785 1172 809 vos
1193 772 1351 822 periisse

189 837 226 883 *⁴⁴
244 833 492 870 existimant?
516 834 580 869 An
596 846 687 870 vero
701 833 738 869 in
757 833 944 883 Hispania
956 846 1017 870 res
1030 840 1158 882 gestas
1176 833 1351 871 Caesaris

197 897 225 916 “
240 906 317 929 non
337 893 521 931 audistis?
545 893 640 930 duos
654 893 785 944 pulsos
798 893 1014 931 exercitus?
1037 894 1133 930 duos
1152 901 1351 944 superatos

197 958 224 975 “
239 954 380 990 duces?
411 953 506 991 duas
527 962 702 1004 receptas
722 954 965 1005 provincias?
995 954 1092 991 haec
1111 962 1199 991 acta
1211 954 1347 992 diebus

197 1019 224 1036 “
239 1026 307 1060 XL,
328 1015 464 1064 quibus
480 1015 518 1052 in
535 1022 747 1065 conspectu
763 1015 1067 1052 adversariorum
1083 1015 1230 1052 venerit
1250 1015 1349 1052 Cae-

198 1080 224 1098 “
238 1076 319 1113 sar?
354 1078 420 1115 ³11¹..
440 1077 502 1125 qui
516 1076 727 1113 incolumes
743 1076 921 1113 resistere
935 1089 1011 1112 non
1025 1082 1246 1126 potuerunt,
1261 1088 1347 1126 per-

197 1141 224 1158 “
239 1136 308 1173 diti
330 1137 527 1174 resistant:
547 1149 614 1174 vos
629 1143 772 1182 autern,
795 1136 941 1173 incerta
959 1135 1120 1173 victoria
1140 1136 1346 1172 Caesarem

198 1202 226 1220 ‘⁴
242 1197 380 1242 secuti,
394 1197 691 1247 dijudicatajam
706 1197 796 1234 belli
812 1196 980 1242 fortuna,
997 1197 1140 1234 victum
1157 1197 1348 1247 sequami-

194 1263 221 1282 “
237 1258 289 1303 ni,
328 1272 445 1309 quum
463 1258 580 1295 vestri
601 1258 713 1295 officii
732 1257 903 1308 praemia
922 1257 1122 1308 percipere
1142 1258 1312 1295 debeatis
1329 1258 1344 1294 ?

195 1324 222 1342 “
238 1319 425 1356 Desertos
437 1319 538 1356 enim
556 1332 596 1356 se
611 1332 657 1357 ac
670 1318 843 1369 proditos
858 1332 880 1355 a
895 1319 1000 1356 vobis
1016 1319 1164 1364 dicunt,
1190 1327 1228 1356 et
1243 1319 1344 1370 prio-

196 1385 223 1403 “
239 1380 287 1417 ris
307 1380 539 1417 sacramenti
565 1380 801 1417 mentionem
820 1379 981 1417 faciunt.
1035 1379 1166 1416 Vosne
1184 1393 1277 1417 vero
1302 1380 1347 1417 L.

195 1446 222 1464 “
238 1442 467 1487 Domitium,
497 1454 544 1478 an
564 1455 631 1479 vos
653 1441 698 1477 L.
727 1441 923 1478 Domitius
940 1441 1149 1481 deseruit?
1207 1441 1346 1478 Nonne

197 1507 223 1525 “
239 1510 453 1539 extremam
473 1502 553 1552 pati
570 1502 762 1539 fortunam
782 1509 935 1552 paratos
951 1502 1113 1552 projecit
1133 1502 1222 1539 ille?
1266 1516 1342 1539 non

194 1568 222 1585 ‘¹
237 1563 306 1599 sibi
329 1563 426 1600 clam
450 1563 557 1600 vobis
576 1563 738 1599 salutem
758 1562 851 1611 fuga
878 1563 1039 1613 petivit?
1083 1575 1175 1608 non,
1202 1563 1346 1612 proditi

193 1630 220 1647 “
237 1637 303 1675 per
323 1624 444 1669 illum,
466 1624 641 1661 Caesaris
661 1623 852 1660 beneficio
873 1623 964 1660 estis
984 1623 1196 1660 conservati
1214 1625 1227 1661 ?
1274 1623 1342 1661 Sa-

193 1692 220 1709 “
236 1693 434 1723 eramento
450 1685 605 1735 quidem
624 1697 692 1721 vos
707 1692 840 1721 tenere
855 1686 920 1734 qui
941 1684 1083 1734 potuit;
1104 1697 1235 1735 quum,
1255 1698 1343 1735 pro-

195 1745 347 1795 “jectis
366 1745 548 1790 fascibus,
569 1752 608 1782 et
624 1744 799 1794 deposito
821 1744 993 1793 imperio,
1013 1745 1183 1793 privatus
1198 1753 1238 1781 et
1253 1757 1343 1794 cap-

194 1812 220 1829 “
237 1814 297 1844 tus
317 1806 397 1856 ipse
418 1806 455 1842 in
475 1805 639 1843 alienam
657 1805 824 1842 venisset
843 1812 1071 1854 potestatem
1088 1806 1100 1842 ?
1142 1805 1341 1855 Relinqui-

193 1872 298 1904 “tur
316 1879 416 1904 nova
435 1865 593 1915 religio;
621 1873 676 1910 ut,
708 1878 754 1902 eo
774 1864 953 1913 neglecto
978 1871 1231 1910 sacramento,
1265 1877 1343 1914 quo

193 1932 219 1948 “
235 1939 338 1963 nunc
357 1925 557 1970 tenemini,
572 1924 785 1975 respiciatis
804 1924 909 1968 illud,
931 1925 1032 1974 quod
1054 1925 1250 1961 deditione
1269 1923 1341 1960 dua

194 1994 220 2010 “
238 1988 306 2032 cis,
321 1994 359 2023 et
376 1986 511 2036 capitis
525 1985 802 2030 deminutione,
817 1985 1006 2021 sublatum
1025 1993 1095 2021 est.
1125 1986 1194 2029 At,
1208 1985 1339 2029 credo,

194 2054 221 2070 “
238 2047 267 2084 si
289 2048 493 2085 Caesarem
513 2046 697 2097 probatis,
718 2047 754 2082 in
776 2058 836 2082 me
857 2045 1060 2091 offenditis,
1091 2046 1154 2095 qui
1175 2047 1223 2083 de
1243 2046 1338 2083 meis

192 2109 270 2145 “in
292 2122 359 2145 vos
379 2108 525 2144 meritis
539 2107 829 2158 praedicaturus
850 2119 923 2143 non
939 2119 1036 2151 suni,
1057 2120 1155 2156 quae.
1170 2115 1259 2144 sunt
1273 2107 1339 2145 ad-

191 2175 218 2193 “
233 2170 310 2207 huc
331 2176 369 2206 et
389 2181 473 2205 mea
491 2168 688 2204 voluntate
709 2174 746 2204 et
767 2176 892 2203 vestra
908 2168 1201 2217 exspectatione
1221 2169 1337 2206 levio-

190 2235 217 2258 (ί
232 2243 284 2267 ra.
311 2230 380 2267 sed
398 2237 526 2267 tamen
547 2228 603 2265 sui
622 2228 762 2265 laboris
783 2228 921 2264 milites
937 2241 1088 2278 semper
1101 2235 1240 2265 eventu
1257 2229 1337 2265 be}-

191 2296 217 2322 ‘.‘-
232 2291 256 2327 li
273 2290 443 2341 praemia
461 2289 704 2340 petiverunt3
726 2289 789 2338 qui
808 2289 929 2338 qualis
949 2289 995 2325 sit
1016 2289 1182 2334 futurus,
1204 2301 1251 2325 ne
1272 2301 1337 2325 vos
