1472 2664
480 283 643 320 LIBER
697 282 769 319 ΙΙΙ.
1136 286 1202 321 lll

78 393 192 437 taque
222 393 433 436 praeterea,
461 398 557 436 quae
576 385 730 422 nimiam
758 384 947 422 luxuriam
967 391 1006 421 et
1025 384 1206 422 victoriae

76 446 253 484 fiduciam
272 445 536 495 designarent3
567 454 608 482 ut
625 445 738 482 facile
765 444 954 482 aestimari
981 451 1122 494 posset,
1150 446 1206 482 ni-

75 506 128 543 hil
154 519 219 544 eos
239 507 285 544 de
305 514 444 543 eventu
459 508 539 556 ejus
558 505 632 543 diei
652 505 836 550 timuisse,
854 504 917 555 qui
937 517 1013 541 non
1031 517 1206 543 necessa-

76 568 149 604 rias
182 567 453 617 conquirerent
470 567 697 616 voluptates.
724 573 763 602 at
790 566 830 602 hi
848 565 1059 602 miserrimo
1077 577 1122 602 ac
1140 578 1206 615 pa-

78 625 304 663 tientissimo
334 625 522 663 exercitui
550 625 721 663 Caesaris
751 625 939 662 luxuriem
959 625 1206 674 objiciebant,

74 686 137 724 cui
156 699 305 736 semper
332 687 457 723 onmia
475 687 523 723 ad
555 686 811 723 necessarium
842 698 949 722 usum
982 685 1205 723 defuissent.

74 747 278 797 Pompeius
292 749 384 797 ⁸jam,
404 760 518 797 quum
539 747 638 784 intra
660 747 798 783 vallum
816 746 934 783 nostri
954 753 1207 791 versarentur,

73 819 213 857 equum
241 815 389 853 nactus,
422 807 602 844 detractis
622 806 832 857 insignibus
864 807 1113 857 imperatoris,
1141 807 1206 844 de-

76 880 238 905 cumana
263 875 374 918 porta
392 880 432 905 se
458 881 507 904 ex
527 867 659 904 castris
679 867 806 917 ejecit,
838 868 1086 918 protinusque
1105 880 1205 918 equo

74 928 192 965 citato
222 928 409 966 Larissam
430 928 640 966 contendit.
695 928 831 978 Neque
852 928 901 965 ibi
921 928 1106 974 constitit,
1138 929 1207 966 sed

75 989 209 1026 eadem
225 990 435 1034 celeritate,
456 1003 597 1040 paucos
611 1002 700 1026 suos
714 1002 761 1027 ex
782 989 873 1040 fuga
884 997 1032 1035 nactus,
1052 997 1207 1027 noctur-

76 1063 124 1086 no
145 1050 280 1087 itinere
299 1063 374 1088 non
403 1050 628 1096 intermisso,
658 1050 841 1087 comitatu
860 1051 1030 1100 equitum
1050 1062 1132 1087 xxx
1158 1051 1208 1088 ad

74 1123 176 1147 mare
203 1111 389 1160 pervenit,
418 1123 628 1162 navemque
656 1111 941 1148 frumentariam
961 1110 1207 1156 conscendit;

72 1184 200 1221 saepe,
221 1178 262 1208 ut
277 1171 489 1217 dicebatur,
510 1184 684 1222 querens,
705 1179 850 1209 tantum
865 1184 904 1208 se
920 1171 1135 1222 opinionem
1151 1172 1206 1210 fc-

72 1231 226 1277 fellisse,
246 1239 302 1276 ut,
325 1245 347 1269 a
366 1245 441 1282 quo
461 1245 602 1282 genere
621 1232 816 1269 hominum
836 1232 1031 1270 victoriam
1059 1234 1207 1284 speras·

72 1301 143 1338 set,
163 1294 209 1330 ab
229 1305 275 1330 eo
291 1292 398 1330 initio
414 1293 526 1342 fugae
541 1293 656 1339 facto,
675 1305 798 1343 paene
816 1293 988 1343 proditus
1002 1294 1206 1331 videretur.

123 1353 286 1391 XCVII.
340 1354 492 1398 Caesar,
523 1353 655 1391 castrIS
675 1354 831 1404 potituS,
865 1354 1087 1391 amilitibus
1115 1368 1207 1392 con·

73 1414 209 1459 tendit,
237 1426 298 1458 ne,
319 1414 358 1450 in
375 1415 517 1464 praeda
536 1415 725 1464 occupati,
751 1414 886 1465 reliqui
906 1415 1050 1464 negotii
1068 1429 1207 1466 geren·-

73 1475 111 1511 di
139 1474 360 1512 facultatem
389 1474 634 1512 dimitterent.
687 1477 774 1517 Qua
792 1488 833 1513 re
853 1476 1068 1525 impetrata,
1100 1489 1205 1513 mon-

75 1543 152 1572 tem
172 1548 288 1585 opere
309 1535 583 1572 circumvenire
611 1536 788 1573 instituit.
841 1535 1076 1586 Pompeiani,
1104 1538 1208 1586 quod

71 1596 102 1634 is
122 1609 230 1633 mons
249 1603 330 1633 erat
348 1596 428 1633 sine
448 1609 559 1646 aqua,
587 1596 695 1633 diffisi
714 1597 749 1634 ei
776 1597 875 1642 loco,
904 1597 1038 1635 relicto
1062 1607 1206 1644 monte,

74 1656 235 1694 universi
251 1656 346 1706 juris
366 1658 448 1706 ejus
467 1656 655 1694 Larissam
674 1670 804 1694 versus
821 1670 862 1694 se
877 1659 1048 1709 recipere
1068 1672 1206 1709 coepe·

73 1725 173 1755 runt.
227 1719 313 1759 Qua
331 1730 372 1755 re
391 1718 664 1762 animadversa,
694 1718 833 1755 Caesar
853 1719 981 1768 copias
1000 1733 1085 1757 suas
1112 1720 1207 1757 divi-

73 1778 134 1824 sit,
154 1786 377 1828 partemque
397 1777 588 1828 legionum
609 1777 646 1814 in
666 1778 799 1815 castris
819 1778 990 1828 Pompeii
1010 1792 1208 1818 remanere

68 1839 194 1887 jussit,
221 1845 366 1888 partem
389 1838 424 1874 in
444 1850 512 1875 sua
531 1845 655 1876 castra
679 1838 846 1876 remisit:
876 1851 921 1875 lv
940 1852 1070 1878 secum
1088 1841 1207 1891 legio-

75 1911 142 1935 nes
161 1898 294 1941 duxit3
314 1899 648 1949 commodioreque
661 1899 796 1937 itinere
812 1899 1051 1950 Pompeianis
1072 1914 1208 1939 occur-

73 1972 158 1996 rere
179 1960 320 2009 coepit‚
348 1967 400 2004 et,
429 1972 650 2009 progressus
668 1960 785 1997 millia
802 1973 978 2010 passuum
999 1973 1058 2007 vr,
1085 1962 1207 2000 aciem

70 2019 263 2058 instruxit.
320 2022 407 2062 Qua
439 2033 478 2056 re
497 2021 772 2066 animadversa,
801 2021 1023 2072 Pompeiani
1056 2023 1094 2060 in
1113 2037 1208 2074 quo-

72 2079 158 2117 dam
178 2088 309 2119 monte
331 2081 597 2119 constiterunt.
634 2081 752 2119 Hunc
772 2090 941 2120 montem
960 2083 1103 2121 flumen
1117 2086 1207 2122 sub-

72 2140 213 2178 luebat.
269 2143 422 2187 Caesar,
450 2142 588 2179 milites
615 2143 850 2188 cohortatus,
881 2144 953 2181 etsi
983 2144 1100 2182 totius
1131 2146 1208 2183 diei

75 2201 286 2239 continenti
301 2203 429 2241 labore
449 2210 559 2240 erant
578 2204 758 2250 confecti,
777 2217 931 2255 noxque
942 2207 1020 2254 Jam
1039 2206 1206 2253 suberat,

76 2270 203 2300 tamen
232 2264 444 2301 munitione
471 2265 613 2302 flumen
632 2278 655 2302 a
673 2273 802 2302 monte
820 2265 990 2312 seclusit,
1023 2279 1071 2304 ne
1091 2274 1209 2305 noctu

75 2324 203 2374 aquari
222 2323 444 2376 Pompeiani
461 2332 629 2376 possent.
679 2327 766 2369 Quo
779 2327 859 2377 jam
877 2327 1050 2378 perfecto
1078 2340 1207 2378 opere,
