<?xml version="1.0" encoding="UTF-8"?>
<!DOCTYPE html PUBLIC "-//W3C//DTD XHTML 1.0 Transitional//EN"
    "http://www.w3.org/TR/xhtml1/DTD/xhtml1-transitional.dtd">
<html xmlns="http://www.w3.org/1999/xhtml" xml:lang="en" lang="en">
 <head>
  <title>
</title>
<meta http-equiv="Content-Type" content="text/html;charset=utf-8" />
  <meta name='ocr-system' content='tesseract 3.04.00' />
  <meta name='ocr-capabilities' content='ocr_page ocr_carea ocr_par ocr_line ocrx_word'/>
</head>
<body>
  <div class='ocr_page' id='page_1' title='image "./debellogallicoet02caesuoft_0259.png"; bbox 0 0 1472 2664; ppageno 0'>
   <div class='ocr_carea' id='block_1_1' title="bbox 281 295 1209 337">
    <p class='ocr_par' dir='ltr' id='par_1_1' title="bbox 281 295 1209 337">
     <span class='ocr_line' id='line_1_1' title="bbox 281 295 1209 337; baseline 0.002 -3"><span class='ocrx_word' id='word_1_1' title='bbox 281 296 356 334; x_wconf 93' lang='lat' dir='ltr'>DE</span> <span class='ocrx_word' id='word_1_2' title='bbox 386 295 563 334; x_wconf 89' lang='lat' dir='ltr'>BELLO</span> <span class='ocrx_word' id='word_1_3' title='bbox 593 296 770 335; x_wconf 88' lang='lat' dir='ltr'>AFRIC.</span> <span class='ocrx_word' id='word_1_4' title='bbox 806 296 983 333; x_wconf 85' lang='lat' dir='ltr'><strong>LIBER.</strong></span> <span class='ocrx_word' id='word_1_5' title='bbox 1138 298 1209 337; x_wconf 73' lang='lat'>227</span> 
     </span>
    </p>
   </div>
   <div class='ocr_carea' id='block_1_2' title="bbox 71 397 1224 1298">
    <p class='ocr_par' dir='ltr' id='par_1_2' title="bbox 71 397 1224 1298">
     <span class='ocr_line' id='line_1_2' title="bbox 75 397 1212 451; baseline -0.002 -14"><span class='ocrx_word' id='word_1_6' title='bbox 75 408 115 437; x_wconf 89' lang='lat' dir='ltr'>et</span> <span class='ocrx_word' id='word_1_7' title='bbox 132 399 180 438; x_wconf 89' lang='lat' dir='ltr'>de</span> <span class='ocrx_word' id='word_1_8' title='bbox 203 411 333 438; x_wconf 89' lang='lat' dir='ltr'>eorum</span> <span class='ocrx_word' id='word_1_9' title='bbox 363 400 571 441; x_wconf 86' lang='lat' dir='ltr'>sceleribus</span> <span class='ocrx_word' id='word_1_10' title='bbox 590 400 761 451; x_wconf 83' lang='lat' dir='ltr'>longiore</span> <span class='ocrx_word' id='word_1_11' title='bbox 792 400 922 437; x_wconf 86' lang='lat' dir='ltr'>habita</span> <span class='ocrx_word' id='word_1_12' title='bbox 950 397 1135 444; x_wconf 89' lang='lat' dir='ltr'>oratione,</span> <span class='ocrx_word' id='word_1_13' title='bbox 1163 399 1212 438; x_wconf 88' lang='lat' dir='ltr'>ad</span> 
     </span>
     <span class='ocr_line' id='line_1_3' title="bbox 74 460 1213 512; baseline -0.001 -15"><span class='ocrx_word' id='word_1_14' title='bbox 74 466 302 507; x_wconf 88' lang='lat' dir='ltr'>extremum,</span> <span class='ocrx_word' id='word_1_15' title='bbox 322 468 365 498; x_wconf 92' lang='lat' dir='ltr'>ut</span> <span class='ocrx_word' id='word_1_16' title='bbox 379 460 460 498; x_wconf 90' lang='lat' dir='ltr'>sine</span> <span class='ocrx_word' id='word_1_17' title='bbox 478 468 585 499; x_wconf 89' lang='lat' dir='ltr'>metu</span> <span class='ocrx_word' id='word_1_18' title='bbox 603 461 812 512; x_wconf 83' lang='lat' dir='ltr'>prodirent,</span> <span class='ocrx_word' id='word_1_19' title='bbox 832 460 968 503; x_wconf 86' lang='lat' dir='ltr'>edicit;</span> <span class='ocrx_word' id='word_1_20' title='bbox 985 472 1026 497; x_wconf 86' lang='lat' dir='ltr'>se</span> <span class='ocrx_word' id='word_1_21' title='bbox 1043 460 1096 497; x_wconf 88' lang='lat' dir='ltr'>eis</span> <span class='ocrx_word' id='word_1_22' title='bbox 1117 461 1213 499; x_wconf 85' lang='lat' dir='ltr'>dun-</span> 
     </span>
     <span class='ocr_line' id='line_1_4' title="bbox 71 520 1214 571; baseline 0 -14"><span class='ocrx_word' id='word_1_23' title='bbox 71 526 180 571; x_wconf 81' lang='lat' dir='ltr'>taxat</span> <span class='ocrx_word' id='word_1_24' title='bbox 192 520 308 558; x_wconf 88' lang='lat' dir='ltr'>vitam</span> <span class='ocrx_word' id='word_1_25' title='bbox 324 534 610 567; x_wconf 89' lang='lat' dir='ltr'>concessurum,</span> <span class='ocrx_word' id='word_1_26' title='bbox 629 522 730 560; x_wconf 83' lang='lat' dir='ltr'>bona</span> <span class='ocrx_word' id='word_1_27' title='bbox 745 521 897 571; x_wconf 87' lang='lat' dir='ltr'>quidem</span> <span class='ocrx_word' id='word_1_28' title='bbox 917 533 1049 561; x_wconf 87' lang='lat' dir='ltr'>eorum</span> <span class='ocrx_word' id='word_1_29' title='bbox 1064 533 1104 557; x_wconf 91' lang='lat' dir='ltr'>se</span> <span class='ocrx_word' id='word_1_30' title='bbox 1125 534 1214 557; x_wconf 86' lang='lat' dir='ltr'>ven-</span> 
     </span>
     <span class='ocr_line' id='line_1_5' title="bbox 73 581 1213 632; baseline 0.001 -14"><span class='ocrx_word' id='word_1_31' title='bbox 73 581 258 628; x_wconf 89' lang='lat' dir='ltr'>diturum,</span> <span class='ocrx_word' id='word_1_32' title='bbox 285 582 338 619; x_wconf 86' lang='lat' dir='ltr'>ita</span> <span class='ocrx_word' id='word_1_33' title='bbox 357 590 499 627; x_wconf 88' lang='lat' dir='ltr'>tamen,</span> <span class='ocrx_word' id='word_1_34' title='bbox 527 583 591 632; x_wconf 93' lang='lat' dir='ltr'>qui</span> <span class='ocrx_word' id='word_1_35' title='bbox 611 595 742 619; x_wconf 88' lang='lat' dir='ltr'>eorum</span> <span class='ocrx_word' id='word_1_36' title='bbox 760 584 863 620; x_wconf 86' lang='lat' dir='ltr'>bona</span> <span class='ocrx_word' id='word_1_37' title='bbox 881 593 949 619; x_wconf 82' lang='lat' dir='ltr'>sua</span> <span class='ocrx_word' id='word_1_38' title='bbox 974 581 1213 625; x_wconf 82' lang='lat' dir='ltr'>redemisset,</span> 
     </span>
     <span class='ocr_line' id='line_1_6' title="bbox 73 640 1213 692; baseline 0.001 -15"><span class='ocrx_word' id='word_1_39' title='bbox 73 652 114 678; x_wconf 88' lang='lat' dir='ltr'>se</span> <span class='ocrx_word' id='word_1_40' title='bbox 144 640 334 678; x_wconf 92' lang='lat' dir='ltr'>bonorum</span> <span class='ocrx_word' id='word_1_41' title='bbox 363 642 622 679; x_wconf 90' lang='lat' dir='ltr'>venditionem</span> <span class='ocrx_word' id='word_1_42' title='bbox 655 642 913 686; x_wconf 89' lang='lat' dir='ltr'>inducturum,</span> <span class='ocrx_word' id='word_1_43' title='bbox 941 648 981 677; x_wconf 89' lang='lat' dir='ltr'>et</span> <span class='ocrx_word' id='word_1_44' title='bbox 1010 641 1213 692; x_wconf 83' lang='lat' dir='ltr'>pecuniam</span> 
     </span>
     <span class='ocr_line' id='line_1_7' title="bbox 72 700 1216 748; baseline -0.001 -10"><span class='ocrx_word' id='word_1_45' title='bbox 72 700 215 738; x_wconf 87' lang='lat' dir='ltr'>multae</span> <span class='ocrx_word' id='word_1_46' title='bbox 235 702 388 739; x_wconf 86' lang='lat' dir='ltr'>nomine</span> <span class='ocrx_word' id='word_1_47' title='bbox 417 701 637 748; x_wconf 89' lang='lat' dir='ltr'>relaturum,</span> <span class='ocrx_word' id='word_1_48' title='bbox 667 709 708 739; x_wconf 92' lang='lat' dir='ltr'>ut</span> <span class='ocrx_word' id='word_1_49' title='bbox 726 700 1029 740; x_wconf 80' lang='lat' dir='ltr'>incolumitatem</span> <span class='ocrx_word' id='word_1_50' title='bbox 1050 701 1216 739; x_wconf 89' lang='lat' dir='ltr'>retinere</span> 
     </span>
     <span class='ocr_line' id='line_1_8' title="bbox 72 761 1216 812; baseline 0.001 -14"><span class='ocrx_word' id='word_1_51' title='bbox 72 768 213 811; x_wconf 86' lang='lat' dir='ltr'>posset.</span> <span class='ocrx_word' id='word_1_52' title='bbox 255 761 402 803; x_wconf 84' lang='lat' dir='ltr'>Quibus</span> <span class='ocrx_word' id='word_1_53' title='bbox 422 769 527 800; x_wconf 87' lang='lat' dir='ltr'>metu</span> <span class='ocrx_word' id='word_1_54' title='bbox 546 762 818 812; x_wconf 83' lang='lat' dir='ltr'>exsanguibus,</span> <span class='ocrx_word' id='word_1_55' title='bbox 839 761 886 801; x_wconf 86' lang='lat' dir='ltr'>de</span> <span class='ocrx_word' id='word_1_56' title='bbox 907 761 1059 811; x_wconf 87' lang='lat' dir='ltr'>vitaque</span> <span class='ocrx_word' id='word_1_57' title='bbox 1079 774 1129 799; x_wconf 83' lang='lat' dir='ltr'>ex</span> <span class='ocrx_word' id='word_1_58' title='bbox 1148 774 1216 803; x_wconf 84' lang='lat' dir='ltr'>suo</span> 
     </span>
     <span class='ocr_line' id='line_1_9' title="bbox 73 822 1219 873; baseline -0.001 -14"><span class='ocrx_word' id='word_1_59' title='bbox 73 822 283 873; x_wconf 88' lang='lat' dir='ltr'>promerito</span> <span class='ocrx_word' id='word_1_60' title='bbox 313 822 616 873; x_wconf 85' lang='lat' dir='ltr'>desperantibus,</span> <span class='ocrx_word' id='word_1_61' title='bbox 643 822 767 863; x_wconf 89' lang='lat' dir='ltr'>subito</span> <span class='ocrx_word' id='word_1_62' title='bbox 788 822 915 860; x_wconf 87' lang='lat' dir='ltr'>oblata</span> <span class='ocrx_word' id='word_1_63' title='bbox 933 822 1069 867; x_wconf 83' lang='lat' dir='ltr'>salute,</span> <span class='ocrx_word' id='word_1_64' title='bbox 1098 822 1219 860; x_wconf 91' lang='lat' dir='ltr'>liben-</span> 
     </span>
     <span class='ocr_line' id='line_1_10' title="bbox 71 881 1218 932; baseline 0.003 -14"><span class='ocrx_word' id='word_1_65' title='bbox 71 888 129 918; x_wconf 85' lang='lat' dir='ltr'>tes</span> <span class='ocrx_word' id='word_1_66' title='bbox 150 881 356 932; x_wconf 89' lang='lat' dir='ltr'>cupidique</span> <span class='ocrx_word' id='word_1_67' title='bbox 376 882 639 919; x_wconf 88' lang='lat' dir='ltr'>conditionem</span> <span class='ocrx_word' id='word_1_68' title='bbox 658 890 916 932; x_wconf 87' lang='lat' dir='ltr'>acceperunt:</span> <span class='ocrx_word' id='word_1_69' title='bbox 945 882 1218 932; x_wconf 83' lang='lat' dir='ltr'>petieruntque</span> 
     </span>
     <span class='ocr_line' id='line_1_11' title="bbox 73 942 1220 993; baseline 0 -14"><span class='ocrx_word' id='word_1_70' title='bbox 73 955 96 979; x_wconf 83' lang='lat' dir='ltr'>a</span> <span class='ocrx_word' id='word_1_71' title='bbox 115 942 294 988; x_wconf 81' lang='lat' dir='ltr'>Caesare,</span> <span class='ocrx_word' id='word_1_72' title='bbox 314 950 356 980; x_wconf 89' lang='lat' dir='ltr'>ut</span> <span class='ocrx_word' id='word_1_73' title='bbox 372 942 556 980; x_wconf 87' lang='lat' dir='ltr'>universis</span> <span class='ocrx_word' id='word_1_74' title='bbox 575 955 647 980; x_wconf 91' lang='lat' dir='ltr'>ccc</span> <span class='ocrx_word' id='word_1_75' title='bbox 665 956 740 981; x_wconf 90' lang='lat' dir='ltr'>uno</span> <span class='ocrx_word' id='word_1_76' title='bbox 755 944 908 981; x_wconf 87' lang='lat' dir='ltr'>nomine</span> <span class='ocrx_word' id='word_1_77' title='bbox 928 944 1130 993; x_wconf 87' lang='lat' dir='ltr'>pecuniam</span> <span class='ocrx_word' id='word_1_78' title='bbox 1152 943 1220 979; x_wconf 87' lang='lat' dir='ltr'>im-</span> 
     </span>
     <span class='ocr_line' id='line_1_12' title="bbox 76 1004 1222 1054; baseline 0.001 -14"><span class='ocrx_word' id='word_1_79' title='bbox 76 1011 242 1054; x_wconf 83' lang='lat' dir='ltr'>peraret.</span> <span class='ocrx_word' id='word_1_80' title='bbox 295 1004 432 1054; x_wconf 84' lang='lat' dir='ltr'>Itaque</span> <span class='ocrx_word' id='word_1_81' title='bbox 458 1004 515 1041; x_wconf 90' lang='lat' dir='ltr'>bis</span> <span class='ocrx_word' id='word_1_82' title='bbox 535 1004 671 1041; x_wconf 89' lang='lat' dir='ltr'>millies</span> <span class='ocrx_word' id='word_1_83' title='bbox 690 1004 864 1042; x_wconf 86' lang='lat' dir='ltr'>sestertio</span> <span class='ocrx_word' id='word_1_84' title='bbox 888 1004 947 1042; x_wconf 83' lang='lat' dir='ltr'>his</span> <span class='ocrx_word' id='word_1_85' title='bbox 967 1004 1159 1054; x_wconf 81' lang='lat' dir='ltr'>imposito,</span> <span class='ocrx_word' id='word_1_86' title='bbox 1180 1011 1222 1041; x_wconf 89' lang='lat' dir='ltr'>ut</span> 
     </span>
     <span class='ocr_line' id='line_1_13' title="bbox 72 1064 1220 1115; baseline 0.001 -13"><span class='ocrx_word' id='word_1_87' title='bbox 72 1077 142 1114; x_wconf 89' lang='lat' dir='ltr'>per</span> <span class='ocrx_word' id='word_1_88' title='bbox 161 1064 368 1102; x_wconf 87' lang='lat' dir='ltr'>triennium</span> <span class='ocrx_word' id='word_1_89' title='bbox 388 1077 456 1101; x_wconf 83' lang='lat' dir='ltr'>sex</span> <span class='ocrx_word' id='word_1_90' title='bbox 475 1064 720 1114; x_wconf 85' lang='lat' dir='ltr'>pensionibus</span> <span class='ocrx_word' id='word_1_91' title='bbox 738 1064 880 1115; x_wconf 88' lang='lat' dir='ltr'>populo</span> <span class='ocrx_word' id='word_1_92' title='bbox 904 1064 1077 1103; x_wconf 85' lang='lat' dir='ltr'>Romano</span> <span class='ocrx_word' id='word_1_93' title='bbox 1097 1065 1220 1104; x_wconf 84' lang='lat' dir='ltr'>solve-</span> 
     </span>
     <span class='ocr_line' id='line_1_14' title="bbox 73 1116 1221 1170; baseline 0.001 -8"><span class='ocrx_word' id='word_1_94' title='bbox 73 1132 172 1170; x_wconf 89' lang='lat' dir='ltr'>rent,</span> <span class='ocrx_word' id='word_1_95' title='bbox 192 1125 296 1162; x_wconf 91' lang='lat' dir='ltr'>nullo</span> <span class='ocrx_word' id='word_1_96' title='bbox 316 1138 450 1162; x_wconf 88' lang='lat' dir='ltr'>eorum</span> <span class='ocrx_word' id='word_1_97' title='bbox 468 1131 684 1170; x_wconf 86' lang='lat' dir='ltr'>recusante,</span> <span class='ocrx_word' id='word_1_98' title='bbox 703 1116 749 1163; x_wconf 85' lang='lat' dir='ltr'>ac</span> <span class='ocrx_word' id='word_1_99' title='bbox 768 1138 808 1162; x_wconf 92' lang='lat' dir='ltr'>se</span> <span class='ocrx_word' id='word_1_100' title='bbox 828 1126 965 1163; x_wconf 88' lang='lat' dir='ltr'>eodem</span> <span class='ocrx_word' id='word_1_101' title='bbox 985 1126 1046 1163; x_wconf 90' lang='lat' dir='ltr'>die</span> <span class='ocrx_word' id='word_1_102' title='bbox 1066 1127 1221 1164; x_wconf 87' lang='lat' dir='ltr'>demum</span> 
     </span>
     <span class='ocr_line' id='line_1_15' title="bbox 76 1185 1093 1236; baseline 0.001 -13"><span class='ocrx_word' id='word_1_103' title='bbox 76 1192 188 1223; x_wconf 86' lang='lat' dir='ltr'>natos</span> <span class='ocrx_word' id='word_1_104' title='bbox 207 1185 486 1236; x_wconf 86' lang='lat' dir='ltr'>praedicantes,</span> <span class='ocrx_word' id='word_1_105' title='bbox 517 1186 607 1222; x_wconf 88' lang='lat' dir='ltr'>laeti</span> <span class='ocrx_word' id='word_1_106' title='bbox 626 1186 766 1235; x_wconf 77' lang='lat' dir='ltr'>gratias</span> <span class='ocrx_word' id='word_1_107' title='bbox 785 1193 905 1236; x_wconf 85' lang='lat' dir='ltr'>agunt</span> <span class='ocrx_word' id='word_1_108' title='bbox 926 1187 1093 1225; x_wconf 80' lang='lat' dir='ltr'>Caesari.</span> 
     </span>
     <span class='ocr_line' id='line_1_16' title="bbox 127 1246 1224 1298; baseline 0.003 -16"><span class='ocrx_word' id='word_1_109' title='bbox 127 1246 237 1284; x_wconf 87' lang='lat' dir='ltr'>XCI.</span> <span class='ocrx_word' id='word_1_110' title='bbox 290 1246 376 1283; x_wconf 86' lang='lat' dir='ltr'>Rex</span> <span class='ocrx_word' id='word_1_111' title='bbox 397 1246 549 1284; x_wconf 89' lang='lat' dir='ltr'>interim</span> <span class='ocrx_word' id='word_1_112' title='bbox 568 1246 685 1291; x_wconf 84' lang='lat' dir='ltr'>Juba,</span> <span class='ocrx_word' id='word_1_113' title='bbox 704 1253 747 1283; x_wconf 91' lang='lat' dir='ltr'>ut</span> <span class='ocrx_word' id='word_1_114' title='bbox 763 1260 812 1284; x_wconf 88' lang='lat' dir='ltr'>ex</span> <span class='ocrx_word' id='word_1_115' title='bbox 831 1248 977 1298; x_wconf 85' lang='lat' dir='ltr'>proelio</span> <span class='ocrx_word' id='word_1_116' title='bbox 996 1247 1162 1298; x_wconf 84' lang='lat' dir='ltr'>fugerat,</span> <span class='ocrx_word' id='word_1_117' title='bbox 1183 1262 1224 1285; x_wconf 89' lang='lat' dir='ltr'>u-</span> 
     </span>
    </p>
   </div>
   <div class='ocr_carea' id='block_1_3' title="bbox 73 1306 1225 1410">
    <p class='ocr_par' dir='ltr' id='par_1_3' title="bbox 73 1306 1225 1410">
     <span class='ocr_line' id='line_1_17' title="bbox 73 1306 1225 1354; baseline 0.001 -9"><span class='ocrx_word' id='word_1_118' title='bbox 73 1320 123 1345; x_wconf 87' lang='lat' dir='ltr'>na</span> <span class='ocrx_word' id='word_1_119' title='bbox 154 1320 242 1345; x_wconf 89' lang='lat' dir='ltr'>cum</span> <span class='ocrx_word' id='word_1_120' title='bbox 271 1307 425 1344; x_wconf 88' lang='lat' dir='ltr'>Petreio</span> <span class='ocrx_word' id='word_1_121' title='bbox 444 1306 612 1344; x_wconf 88' lang='lat' dir='ltr'>interdiu</span> <span class='ocrx_word' id='word_1_122' title='bbox 630 1307 668 1343; x_wconf 90' lang='lat' dir='ltr'>in</span> <span class='ocrx_word' id='word_1_123' title='bbox 701 1307 797 1345; x_wconf 85' lang='lat' dir='ltr'>villis</span> <span class='ocrx_word' id='word_1_124' title='bbox 829 1307 1027 1354; x_wconf 86' lang='lat' dir='ltr'>latitando,</span> <span class='ocrx_word' id='word_1_125' title='bbox 1056 1308 1225 1353; x_wconf 84' lang='lat' dir='ltr'>tandem,</span> 
     </span>
     <span class='ocr_line' id='line_1_18' title="bbox 74 1357 1223 1410; baseline 0 -14"><span class='ocrx_word' id='word_1_126' title='bbox 74 1358 274 1396; x_wconf 87' lang='lat' dir='ltr'>nocturnis</span> <span class='ocrx_word' id='word_1_127' title='bbox 305 1357 504 1395; x_wconf 86' lang='lat' dir='ltr'>itineribus</span> <span class='ocrx_word' id='word_1_128' title='bbox 536 1357 738 1403; x_wconf 84' lang='lat' dir='ltr'>confectis,</span> <span class='ocrx_word' id='word_1_129' title='bbox 766 1358 804 1394; x_wconf 89' lang='lat' dir='ltr'>in</span> <span class='ocrx_word' id='word_1_130' title='bbox 832 1371 993 1409; x_wconf 87' lang='lat' dir='ltr'>regnum</span> <span class='ocrx_word' id='word_1_131' title='bbox 1028 1360 1223 1410; x_wconf 83' lang='lat' dir='ltr'>pervenit;</span> 
     </span>
    </p>
   </div>
   <div class='ocr_carea' id='block_1_4' title="bbox 73 1417 1235 2377">
    <p class='ocr_par' dir='ltr' id='par_1_4' title="bbox 73 1417 1235 2377">
     <span class='ocr_line' id='line_1_19' title="bbox 75 1417 1223 1469; baseline 0.001 -13"><span class='ocrx_word' id='word_1_132' title='bbox 75 1426 190 1469; x_wconf 89' lang='lat' dir='ltr'>atque</span> <span class='ocrx_word' id='word_1_133' title='bbox 210 1419 260 1456; x_wconf 85' lang='lat' dir='ltr'>ad</span> <span class='ocrx_word' id='word_1_134' title='bbox 280 1417 462 1469; x_wconf 89' lang='lat' dir='ltr'>oppidum</span> <span class='ocrx_word' id='word_1_135' title='bbox 482 1417 651 1464; x_wconf 85' lang='lat' dir='ltr'>Zamam,</span> <span class='ocrx_word' id='word_1_136' title='bbox 672 1418 736 1455; x_wconf 88' lang='lat' dir='ltr'>ubi</span> <span class='ocrx_word' id='word_1_137' title='bbox 756 1418 835 1468; x_wconf 88' lang='lat' dir='ltr'>ipse</span> <span class='ocrx_word' id='word_1_138' title='bbox 857 1419 1106 1465; x_wconf 88' lang='lat' dir='ltr'>domicilium,</span> <span class='ocrx_word' id='word_1_139' title='bbox 1131 1433 1223 1457; x_wconf 92' lang='lat' dir='ltr'>con-</span> 
     </span>
     <span class='ocr_line' id='line_1_20' title="bbox 73 1478 1226 1529; baseline 0.002 -13"><span class='ocrx_word' id='word_1_140' title='bbox 73 1481 202 1529; x_wconf 85' lang='lat' dir='ltr'>juges,</span> <span class='ocrx_word' id='word_1_141' title='bbox 223 1479 452 1529; x_wconf 90' lang='lat' dir='ltr'>liberosque,</span> <span class='ocrx_word' id='word_1_142' title='bbox 471 1478 651 1523; x_wconf 85' lang='lat' dir='ltr'>habebat,</span> <span class='ocrx_word' id='word_1_143' title='bbox 681 1491 756 1528; x_wconf 91' lang='lat' dir='ltr'>quo</span> <span class='ocrx_word' id='word_1_144' title='bbox 775 1491 824 1516; x_wconf 86' lang='lat' dir='ltr'>ex</span> <span class='ocrx_word' id='word_1_145' title='bbox 844 1487 986 1517; x_wconf 89' lang='lat' dir='ltr'>cuncto</span> <span class='ocrx_word' id='word_1_146' title='bbox 1006 1493 1125 1529; x_wconf 90' lang='lat' dir='ltr'>regno</span> <span class='ocrx_word' id='word_1_147' title='bbox 1145 1493 1226 1518; x_wconf 80' lang='lat' dir='ltr'>om·</span> 
     </span>
     <span class='ocr_line' id='line_1_21' title="bbox 76 1540 1227 1591; baseline 0 -14"><span class='ocrx_word' id='word_1_148' title='bbox 76 1553 165 1577; x_wconf 89' lang='lat' dir='ltr'>nem</span> <span class='ocrx_word' id='word_1_149' title='bbox 181 1540 382 1591; x_wconf 87' lang='lat' dir='ltr'>pecuniam</span> <span class='ocrx_word' id='word_1_150' title='bbox 397 1540 683 1589; x_wconf 84' lang='lat' dir='ltr'>carissimasque</span> <span class='ocrx_word' id='word_1_151' title='bbox 696 1552 756 1575; x_wconf 83' lang='lat' dir='ltr'>res</span> <span class='ocrx_word' id='word_1_152' title='bbox 770 1548 1089 1590; x_wconf 84' lang='lat' dir='ltr'>comportaverat‚</span> <span class='ocrx_word' id='word_1_153' title='bbox 1106 1541 1227 1590; x_wconf 87' lang='lat' dir='ltr'>quod-</span> 
     </span>
     <span class='ocr_line' id='line_1_22' title="bbox 77 1600 1226 1651; baseline 0 -13"><span class='ocrx_word' id='word_1_154' title='bbox 77 1614 151 1651; x_wconf 90' lang='lat' dir='ltr'>que</span> <span class='ocrx_word' id='word_1_155' title='bbox 185 1601 279 1638; x_wconf 86' lang='lat' dir='ltr'>inito</span> <span class='ocrx_word' id='word_1_156' title='bbox 299 1601 400 1638; x_wconf 88' lang='lat' dir='ltr'>bello</span> <span class='ocrx_word' id='word_1_157' title='bbox 421 1600 600 1650; x_wconf 89' lang='lat' dir='ltr'>operibus</span> <span class='ocrx_word' id='word_1_158' title='bbox 629 1600 805 1637; x_wconf 84' lang='lat' dir='ltr'>maximis</span> <span class='ocrx_word' id='word_1_159' title='bbox 830 1601 1033 1646; x_wconf 87' lang='lat' dir='ltr'>munierat,</span> <span class='ocrx_word' id='word_1_160' title='bbox 1062 1602 1226 1638; x_wconf 82' lang='lat' dir='ltr'>accedit.</span> 
     </span>
     <span class='ocr_line' id='line_1_23' title="bbox 76 1661 1219 1712; baseline 0.001 -14"><span class='ocrx_word' id='word_1_161' title='bbox 76 1663 204 1704; x_wconf 78' lang='lat' dir='ltr'>Quem</span> <span class='ocrx_word' id='word_1_162' title='bbox 235 1661 430 1712; x_wconf 86' lang='lat' dir='ltr'>oppidani,</span> <span class='ocrx_word' id='word_1_163' title='bbox 458 1668 569 1698; x_wconf 87' lang='lat' dir='ltr'>antea</span> <span class='ocrx_word' id='word_1_164' title='bbox 589 1668 745 1698; x_wconf 90' lang='lat' dir='ltr'>rumore</span> <span class='ocrx_word' id='word_1_165' title='bbox 760 1668 946 1711; x_wconf 89' lang='lat' dir='ltr'>exoptato</span> <span class='ocrx_word' id='word_1_166' title='bbox 974 1662 1021 1698; x_wconf 89' lang='lat' dir='ltr'>de</span> <span class='ocrx_word' id='word_1_167' title='bbox 1043 1662 1219 1699; x_wconf 85' lang='lat' dir='ltr'>Caesaris</span> 
     </span>
     <span class='ocr_line' id='line_1_24' title="bbox 78 1720 1226 1773; baseline 0 -14"><span class='ocrx_word' id='word_1_168' title='bbox 78 1722 239 1761; x_wconf 88' lang='lat' dir='ltr'>victoria</span> <span class='ocrx_word' id='word_1_169' title='bbox 257 1721 402 1766; x_wconf 82' lang='lat' dir='ltr'>audito,</span> <span class='ocrx_word' id='word_1_170' title='bbox 431 1721 479 1758; x_wconf 92' lang='lat' dir='ltr'>ob</span> <span class='ocrx_word' id='word_1_171' title='bbox 499 1720 566 1757; x_wconf 85' lang='lat' dir='ltr'>has</span> <span class='ocrx_word' id='word_1_172' title='bbox 588 1733 738 1758; x_wconf 83' lang='lat' dir='ltr'>caussas</span> <span class='ocrx_word' id='word_1_173' title='bbox 772 1721 913 1773; x_wconf 84' lang='lat' dir='ltr'>oppido</span> <span class='ocrx_word' id='word_1_174' title='bbox 933 1722 1226 1772; x_wconf 87' lang='lat' dir='ltr'>prohibuerunt,</span> 
     </span>
     <span class='ocr_line' id='line_1_25' title="bbox 78 1781 1228 1834; baseline -0.002 -13"><span class='ocrx_word' id='word_1_175' title='bbox 78 1784 195 1834; x_wconf 91' lang='lat' dir='ltr'>quod,</span> <span class='ocrx_word' id='word_1_176' title='bbox 223 1782 327 1820; x_wconf 91' lang='lat' dir='ltr'>bello</span> <span class='ocrx_word' id='word_1_177' title='bbox 348 1789 484 1820; x_wconf 88' lang='lat' dir='ltr'>contra</span> <span class='ocrx_word' id='word_1_178' title='bbox 509 1782 692 1832; x_wconf 89' lang='lat' dir='ltr'>populum</span> <span class='ocrx_word' id='word_1_179' title='bbox 721 1781 938 1820; x_wconf 87' lang='lat' dir='ltr'>Romanum</span> <span class='ocrx_word' id='word_1_180' title='bbox 967 1789 1160 1832; x_wconf 79' lang='lat' dir='ltr'>suscepto,</span> <span class='ocrx_word' id='word_1_181' title='bbox 1190 1783 1228 1819; x_wconf 90' lang='lat' dir='ltr'>in</span> 
     </span>
     <span class='ocr_line' id='line_1_26' title="bbox 79 1842 1229 1896; baseline -0.003 -13"><span class='ocrx_word' id='word_1_182' title='bbox 79 1844 222 1896; x_wconf 87' lang='lat' dir='ltr'>oppido</span> <span class='ocrx_word' id='word_1_183' title='bbox 238 1843 378 1881; x_wconf 84' lang='lat' dir='ltr'>Zamae</span> <span class='ocrx_word' id='word_1_184' title='bbox 395 1843 508 1894; x_wconf 84' lang='lat' dir='ltr'>lignis</span> <span class='ocrx_word' id='word_1_185' title='bbox 529 1842 736 1892; x_wconf 84' lang='lat' dir='ltr'>congestis,</span> <span class='ocrx_word' id='word_1_186' title='bbox 755 1843 959 1880; x_wconf 85' lang='lat' dir='ltr'>maximam</span> <span class='ocrx_word' id='word_1_187' title='bbox 976 1843 1013 1879; x_wconf 88' lang='lat' dir='ltr'>in</span> <span class='ocrx_word' id='word_1_188' title='bbox 1030 1843 1156 1879; x_wconf 90' lang='lat' dir='ltr'>medio</span> <span class='ocrx_word' id='word_1_189' title='bbox 1171 1842 1229 1879; x_wconf 86' lang='lat' dir='ltr'>fo-</span> 
     </span>
     <span class='ocr_line' id='line_1_27' title="bbox 79 1902 1230 1956; baseline -0.002 -14"><span class='ocrx_word' id='word_1_190' title='bbox 79 1919 122 1944; x_wconf 92' lang='lat' dir='ltr'>ro</span> <span class='ocrx_word' id='word_1_191' title='bbox 141 1918 276 1956; x_wconf 85' lang='lat' dir='ltr'>pyram</span> <span class='ocrx_word' id='word_1_192' title='bbox 295 1909 561 1942; x_wconf 85' lang='lat' dir='ltr'>construxerat</span> <span class='ocrx_word' id='word_1_193' title='bbox 577 1918 587 1945; x_wconf 93' lang='lat'>;</span> <span class='ocrx_word' id='word_1_194' title='bbox 616 1910 672 1948; x_wconf 89' lang='lat' dir='ltr'>ut,</span> <span class='ocrx_word' id='word_1_195' title='bbox 700 1902 731 1939; x_wconf 91' lang='lat' dir='ltr'>si</span> <span class='ocrx_word' id='word_1_196' title='bbox 750 1902 850 1940; x_wconf 88' lang='lat' dir='ltr'>sorte</span> <span class='ocrx_word' id='word_1_197' title='bbox 877 1902 978 1940; x_wconf 88' lang='lat' dir='ltr'>bello</span> <span class='ocrx_word' id='word_1_198' title='bbox 997 1902 1097 1940; x_wconf 91' lang='lat' dir='ltr'>foret</span> <span class='ocrx_word' id='word_1_199' title='bbox 1118 1915 1230 1954; x_wconf 89' lang='lat' dir='ltr'>supe-</span> 
     </span>
     <span class='ocr_line' id='line_1_28' title="bbox 81 1962 1232 2011; baseline -0.003 -7"><span class='ocrx_word' id='word_1_200' title='bbox 81 1973 202 2011; x_wconf 85' lang='lat' dir='ltr'>ratus,</span> <span class='ocrx_word' id='word_1_201' title='bbox 230 1964 405 2002; x_wconf 91' lang='lat' dir='ltr'>omnibus</span> <span class='ocrx_word' id='word_1_202' title='bbox 424 1963 537 2000; x_wconf 89' lang='lat' dir='ltr'>rebus</span> <span class='ocrx_word' id='word_1_203' title='bbox 568 1975 614 2000; x_wconf 91' lang='lat' dir='ltr'>eo</span> <span class='ocrx_word' id='word_1_204' title='bbox 635 1963 885 2009; x_wconf 87' lang='lat' dir='ltr'>coacervatis,</span> <span class='ocrx_word' id='word_1_205' title='bbox 913 1962 1054 1999; x_wconf 89' lang='lat' dir='ltr'>dehinc</span> <span class='ocrx_word' id='word_1_206' title='bbox 1085 1962 1232 2001; x_wconf 90' lang='lat' dir='ltr'>civibus</span> 
     </span>
     <span class='ocr_line' id='line_1_29' title="bbox 83 2023 1231 2074; baseline -0.003 -10"><span class='ocrx_word' id='word_1_207' title='bbox 83 2026 232 2064; x_wconf 87' lang='lat' dir='ltr'>cunctis</span> <span class='ocrx_word' id='word_1_208' title='bbox 253 2024 467 2063; x_wconf 89' lang='lat' dir='ltr'>interfectis</span> <span class='ocrx_word' id='word_1_209' title='bbox 481 2024 696 2074; x_wconf 88' lang='lat' dir='ltr'>eodemque</span> <span class='ocrx_word' id='word_1_210' title='bbox 714 2024 912 2074; x_wconf 87' lang='lat' dir='ltr'>projectis,</span> <span class='ocrx_word' id='word_1_211' title='bbox 933 2024 1021 2073; x_wconf 90' lang='lat' dir='ltr'>igne</span> <span class='ocrx_word' id='word_1_212' title='bbox 1039 2023 1231 2073; x_wconf 89' lang='lat' dir='ltr'>subjecto,</span> 
     </span>
     <span class='ocr_line' id='line_1_30' title="bbox 74 2082 1235 2135; baseline -0.003 -10"><span class='ocrx_word' id='word_1_213' title='bbox 74 2095 163 2135; x_wconf 73' lang='lat' dir='ltr'>vtum</span> <span class='ocrx_word' id='word_1_214' title='bbox 194 2082 347 2124; x_wconf 83' lang='lat' dir='ltr'>demum</span> <span class='ocrx_word' id='word_1_215' title='bbox 378 2098 418 2122; x_wconf 84' lang='lat' dir='ltr'>se</span> <span class='ocrx_word' id='word_1_216' title='bbox 448 2085 528 2135; x_wconf 89' lang='lat' dir='ltr'>ipse</span> <span class='ocrx_word' id='word_1_217' title='bbox 557 2084 711 2135; x_wconf 90' lang='lat' dir='ltr'>insuper</span> <span class='ocrx_word' id='word_1_218' title='bbox 739 2084 987 2129; x_wconf 88' lang='lat' dir='ltr'>interficeret,</span> <span class='ocrx_word' id='word_1_219' title='bbox 1015 2090 1131 2135; x_wconf 90' lang='lat' dir='ltr'>atque</span> <span class='ocrx_word' id='word_1_220' title='bbox 1158 2097 1235 2122; x_wconf 88' lang='lat' dir='ltr'>una</span> 
     </span>
     <span class='ocr_line' id='line_1_31' title="bbox 83 2144 1233 2197; baseline -0.003 -12"><span class='ocrx_word' id='word_1_221' title='bbox 83 2160 171 2186; x_wconf 88' lang='lat' dir='ltr'>cum</span> <span class='ocrx_word' id='word_1_222' title='bbox 189 2146 332 2190; x_wconf 88' lang='lat' dir='ltr'>liberis,</span> <span class='ocrx_word' id='word_1_223' title='bbox 360 2144 603 2195; x_wconf 86' lang='lat' dir='ltr'>conjugibus,</span> <span class='ocrx_word' id='word_1_224' title='bbox 632 2145 791 2189; x_wconf 89' lang='lat' dir='ltr'>civibus,</span> <span class='ocrx_word' id='word_1_225' title='bbox 821 2151 1040 2194; x_wconf 87' lang='lat' dir='ltr'>cunctaque</span> <span class='ocrx_word' id='word_1_226' title='bbox 1060 2156 1156 2197; x_wconf 87' lang='lat' dir='ltr'>gaza</span> <span class='ocrx_word' id='word_1_227' title='bbox 1174 2158 1233 2181; x_wconf 91' lang='lat' dir='ltr'>re-</span> 
     </span>
     <span class='ocr_line' id='line_1_32' title="bbox 84 2204 1234 2259; baseline -0.004 -13"><span class='ocrx_word' id='word_1_228' title='bbox 84 2208 161 2259; x_wconf 86' lang='lat' dir='ltr'>gia,</span> <span class='ocrx_word' id='word_1_229' title='bbox 180 2213 428 2245; x_wconf 88' lang='lat' dir='ltr'>cremaretur.</span> <span class='ocrx_word' id='word_1_230' title='bbox 466 2205 674 2256; x_wconf 86' lang='lat' dir='ltr'>Postquam</span> <span class='ocrx_word' id='word_1_231' title='bbox 689 2204 714 2242; x_wconf 88' lang='lat' dir='ltr'>J</span> <span class='ocrx_word' id='word_1_232' title='bbox 718 2205 792 2242; x_wconf 77' lang='lat' dir='ltr'>uba</span> <span class='ocrx_word' id='word_1_233' title='bbox 806 2213 894 2242; x_wconf 87' lang='lat' dir='ltr'>ante</span> <span class='ocrx_word' id='word_1_234' title='bbox 910 2212 1038 2255; x_wconf 86' lang='lat' dir='ltr'>portas</span> <span class='ocrx_word' id='word_1_235' title='bbox 1053 2205 1119 2242; x_wconf 89' lang='lat' dir='ltr'>diu</span> <span class='ocrx_word' id='word_1_236' title='bbox 1137 2205 1234 2241; x_wconf 90' lang='lat' dir='ltr'>mul-</span> 
     </span>
     <span class='ocr_line' id='line_1_33' title="bbox 87 2264 1235 2319; baseline -0.003 -13"><span class='ocrx_word' id='word_1_237' title='bbox 87 2277 245 2319; x_wconf 87' lang='lat' dir='ltr'>tumque</span> <span class='ocrx_word' id='word_1_238' title='bbox 265 2267 387 2317; x_wconf 89' lang='lat' dir='ltr'>primo</span> <span class='ocrx_word' id='word_1_239' title='bbox 405 2265 516 2302; x_wconf 86' lang='lat' dir='ltr'>minis</span> <span class='ocrx_word' id='word_1_240' title='bbox 536 2279 604 2316; x_wconf 84' lang='lat' dir='ltr'>pro</span> <span class='ocrx_word' id='word_1_241' title='bbox 625 2265 784 2316; x_wconf 91' lang='lat' dir='ltr'>imperio</span> <span class='ocrx_word' id='word_1_242' title='bbox 803 2265 947 2315; x_wconf 86' lang='lat' dir='ltr'>egisset</span> <span class='ocrx_word' id='word_1_243' title='bbox 966 2278 1053 2302; x_wconf 91' lang='lat' dir='ltr'>cum</span> <span class='ocrx_word' id='word_1_244' title='bbox 1073 2264 1235 2303; x_wconf 86' lang='lat' dir='ltr'>Zamen-</span> 
     </span>
     <span class='ocr_line' id='line_1_34' title="bbox 84 2325 1232 2377; baseline -0.003 -11"><span class='ocrx_word' id='word_1_245' title='bbox 84 2329 211 2372; x_wconf 88' lang='lat' dir='ltr'>sibus;</span> <span class='ocrx_word' id='word_1_246' title='bbox 234 2327 387 2372; x_wconf 88' lang='lat' dir='ltr'>deinde,</span> <span class='ocrx_word' id='word_1_247' title='bbox 409 2339 526 2376; x_wconf 90' lang='lat' dir='ltr'>quum</span> <span class='ocrx_word' id='word_1_248' title='bbox 545 2338 586 2363; x_wconf 90' lang='lat' dir='ltr'>se</span> <span class='ocrx_word' id='word_1_249' title='bbox 605 2338 738 2377; x_wconf 85' lang='lat' dir='ltr'>parum</span> <span class='ocrx_word' id='word_1_250' title='bbox 758 2325 945 2377; x_wconf 85' lang='lat' dir='ltr'>proficere</span> <span class='ocrx_word' id='word_1_251' title='bbox 965 2325 1232 2372; x_wconf 84' lang='lat' dir='ltr'>intellexisset,</span> 
     </span>
    </p>
   </div>
  </div>
 </body>
</html>
