1472 2664
315 275 391 314 DE
420 275 598 314 BELLO
628 275 790 314 ALEX.
816 275 994 313 LIBER.
1153 279 1224 318 157

89 378 308 416 Cordubam
335 378 464 425 infert,
493 380 541 416 ad
571 379 754 417 auxilium
773 379 973 416 ferendum
1003 378 1226 428 imperatori

87 451 182 476 suo:
208 439 301 476 facit
318 438 392 476 hoc
411 438 513 476 idem
532 451 615 476 xm.
663 440 917 490 Subsequitur
936 439 1002 476 has
1021 452 1056 475 v.
1097 441 1226 481 Quum

88 510 122 535 11
143 499 313 548 legiones
341 500 510 550 reliquae
530 508 657 538 essent
676 500 715 536 in
735 500 881 544 castris,
911 499 1135 543 secundani,
1162 512 1226 536 ve-

85 559 162 604 riti,
191 573 238 597 ne
257 560 327 597 soli
346 560 665 610 relinquerentur,
685 568 800 611 atque
821 573 869 597 ex
889 573 949 603 eo,
978 560 1069 610 quid
1088 560 1226 597 sensis-

84 629 183 665 sent,
196 620 444 666 indicaretur,
456 621 579 658 secuti
594 629 681 658 sunt
694 621 838 658 factum
853 621 1105 671 superiorum.
1134 620 1226 657 Per-

30 729 39 734 ·
83 681 223 717 mansit
243 681 280 717 in
300 681 491 719 sententia
517 682 620 732 legio
638 682 856 727 vernacula,
889 693 962 718 nec
982 681 1060 718 ullo
1088 681 1226 718 timore

84 740 134 777 de
153 741 275 790 gradu
295 741 448 791 dejecta
466 748 537 779 est.

133 801 218 838 LV.
272 801 426 839 Cassius
446 813 526 847 eos,
555 801 619 852 qui
639 801 825 839 nominati
844 809 952 839 erant
978 801 1122 840 conscii
1141 814 1226 840 cae·

81 861 151 906 dis,
171 862 283 910 jubet
302 862 602 912 comprehendi:
631 862 822 912 legionem
844 875 872 899 v
890 863 928 899 in
954 870 1079 900 castra
1097 864 1226 900 remit-

81 921 142 967 tit,
172 922 394 959 cohortibus
414 934 498 959 xxx
528 923 700 959 retentis.
765 923 915 960 Indicio
945 922 1101 960 Minutii
1134 936 1226 974 cog-

81 982 222 1028 noscit,
254 982 301 1018 L.
322 981 526 1028 RaciIIum,
563 990 602 1020 et
629 983 676 1019 L.
695 983 959 1030 Laterensem,
996 991 1035 1021 et
1055 984 1226 1022 Annium

84 1041 301 1093 Scapulam,
338 1043 527 1080 maximae
547 1043 743 1093 dignitatis
777 1051 818 1081 et
848 1044 993 1095 gratiae
1011 1045 1226 1094 provincia-

78 1103 154 1140 lem
169 1103 378 1148 hominem,
397 1103 545 1153 sibique
559 1111 635 1140 tam
651 1103 889 1150 familiarem,
909 1117 1021 1155 quam
1039 1105 1224 1143 Lateren-

80 1177 160 1202 sem
181 1172 219 1201 et
246 1164 453 1210 Racilium,
486 1164 525 1200 in
544 1164 679 1201 eadem
695 1162 814 1201 fuisse
834 1165 1124 1214 conjuratione:
1152 1179 1226 1204 nec

79 1224 145 1262 diu
163 1231 333 1262 moratur
347 1224 518 1262 dolorem
540 1236 665 1270 suum,
692 1224 785 1275 quin
805 1237 871 1262 eos
898 1225 1064 1263 interfici
1078 1226 1225 1275 jubeat.

78 1285 295 1322 Minucium
328 1285 473 1322 libertis
503 1284 620 1322 tradit
647 1285 948 1323 excruciandum
965 1301 975 1328 ;
1011 1286 1102 1324 item
1136 1287 1225 1324 Cal-

78 1346 257 1398 purnium
278 1345 512 1392 salvianum,
549 1347 613 1397 qui
633 1346 837 1396 profitetur
856 1347 1053 1392 indicium,
1087 1349 1222 1397 conju-

77 1416 324 1458 ratorumque
345 1420 545 1444 numerum
564 1415 695 1457 auget,
724 1420 828 1453 vere,
856 1414 898 1444 ut
917 1407 1070 1458 quidam
1090 1408 1224 1446 existi-

76 1475 182 1506 mant
197 1484 206 1512 ;
225 1475 268 1505 ut
281 1468 454 1506 nonnulli
474 1476 701 1518 queruntur,
717 1475 888 1506 coactus.
919 1468 1059 1506 Iisdem
1075 1469 1224 1507 crucia-

77 1529 180 1566 tibus
199 1528 358 1566 affectus
377 1529 423 1565 L.
443 1529 641 1579 Mergilio.
697 1527 866 1578 Squillus
879 1529 1050 1566 nominat
1068 1529 1223 1580 plures:

75 1602 171 1641 quos
191 1589 344 1627 Cassius
360 1589 521 1627 interfici
537 1590 662 1640 jubet,
682 1589 856 1639 exceptis
874 1589 933 1635 iis,
962 1590 1026 1640 qui
1045 1603 1085 1627 se
1105 1603 1225 1640 pecu·

75 1650 140 1688 nia
171 1650 439 1688 redemerunt:
466 1662 554 1687 nam
583 1650 709 1700 palam
742 1649 812 1687 HS
844 1663 871 1687 x
891 1663 979 1688 cum
1014 1651 1223 1701 Calpurnio

75 1711 297 1763 paciscitur,
317 1718 356 1748 et
376 1724 462 1748 cum
497 1712 544 1753 Q.
566 1711 700 1749 Sextio
730 1722 768 1748 L.
810 1711 874 1762 qui
905 1711 936 1748 si
956 1712 1122 1749 maxime
1156 1725 1224 1750 no-

76 1781 208 1812 centes
226 1779 315 1810 sunt
334 1772 499 1817 multati,
519 1780 647 1809 tamen
667 1771 881 1822 periculum
902 1772 1017 1817 vitae,
1037 1771 1222 1822 dolorque

76 1831 277 1869 vulnerum
292 1832 480 1882 pecuniae
499 1832 690 1877 remissus,
711 1832 978 1870 crudelitatem
997 1845 1084 1869 cum
1104 1833 1224 1870 avari-

76 1893 130 1930 tia
149 1893 318 1930 certasse
337 1892 591 1943 significabat.

129 1953 235 1990 LVI.
289 1953 450 2004 Aliquot
463 1961 551 2004 post
567 1953 702 1991 diebus
723 1953 850 1990 literas
868 1966 891 1991 a
909 1953 1074 1992 Caesare
1088 1953 1221 1992 missas

77 2015 242 2066 accipit3
271 2014 408 2065 quibus
428 2014 643 2065 cognoscit,
671 2014 899 2065 Pompeium
919 2015 957 2052 in
975 2015 1059 2053 acie
1077 2016 1222 2053 victum

77 2076 224 2114 amissis
243 2075 363 2126 copiis
381 2075 538 2126 fugisse.
593 2077 680 2118 Qua
706 2089 747 2113 re
766 2076 935 2126 cognita,
964 2077 1122 2113 mixtam
1155 2077 1224 2114 do-

77 2137 158 2175 lore
177 2137 410 2188 voluptatem
428 2136 616 2187 capiebat.
645 2136 840 2174 Victoriae
856 2137 1019 2174 nuncius
1037 2136 1223 2174 laetitiam

76 2197 338 2248 exprimebat:
369 2197 589 2235 confectum
608 2197 750 2235 bellum
779 2197 973 2236 licentiam
1004 2206 1223 2249 temporum

76 2259 369 2297 intercludebat.
426 2258 490 2296 Sic
526 2266 609 2296 erat
645 2258 784 2296 dubius
809 2258 940 2305 animi,
969 2267 1095 2297 utrum
1129 2259 1224 2296 nihil

76 2319 225 2367 timere,
244 2333 292 2358 an
311 2319 438 2358 omnia
456 2319 587 2365 licere,
619 2319 762 2357 mallet.
816 2319 966 2359 Sanatis
986 2320 1221 2366 vulneribus,
