1472 2664
264 251 342 291 236
563 248 787 288 INCERTI
833 250 1109 290 AUCTORIS

266 351 485 402 provinciae
503 353 694 391 montibus
711 354 792 390 fere
810 353 969 399 munita,
998 360 1035 390 et
1056 360 1189 390 natura
1208 352 1398 390 excellen-

266 411 369 450 tibus
396 413 490 450 locis
509 421 567 450 est
585 414 806 459 constituta,
834 423 876 451 ut
895 414 1005 451 simul
1034 415 1157 451 aditus
1176 413 1400 451 adscensus—

266 485 340 523 que
359 473 499 511 habeat
516 473 698 512 difficiles.
750 473 809 511 Ita
828 475 875 511 ab
895 474 1243 525 oppugnationibus
1260 481 1400 511 natura

263 533 337 571 loci
357 534 600 580 distinentur,
628 542 670 572 ut
689 535 862 573 civitates
882 534 1091 585 Hispaniae
1121 548 1197 572 non
1218 535 1329 572 facile
1354 535 1401 574 ab

262 591 373 629 hoste
393 593 612 643 capiantur:
637 594 676 630 id
695 594 798 644 quod
816 594 853 630 in
869 595 943 632 hoc
959 595 1121 645 contigit
1133 595 1247 632 bello.
1285 594 1399 639 Nam,

262 653 327 690 ubi
340 653 438 691 inter
455 655 646 704 Ateguam
663 662 701 692 et
718 655 897 701 Ucubim,
918 668 1015 706 quae
1029 656 1169 706 oppida
1183 668 1297 706 supra
1310 663 1399 693 sunt

260 713 416 764 scripta,
432 714 638 765 Pompeius
650 715 783 753 habuit
797 723 920 753 castra
933 716 1151 760 constituta,
1168 716 1204 751 in
1218 727 1400 765 conspec-

259 781 302 811 tu
331 774 490 812 duorum
511 775 751 826 oppidorum,
784 777 830 813 ab
850 776 925 813 suis
951 776 1084 814 castris
1104 776 1257 813 circiter
1283 776 1401 813 millia

259 847 438 886 passuum
459 847 505 872 1v
523 849 680 885 grumus
699 844 757 873 est
777 837 970 874 excellens
995 845 1131 873 natura
1150 837 1214 886 qui
1235 837 1402 887 appella-

258 902 322 932 tur
340 895 476 933 Castra
490 895 759 932 Postumiana:
785 895 837 932 ibi
856 896 1033 946 praesidii
1053 909 1186 934 caussa
1204 896 1401 934 castellum

259 955 401 993 Caesar
419 956 552 993 habuit
571 955 835 994 constitutum.

308 1016 379 1053 IX.
424 1016 644 1067 PompeIus,
665 1017 729 1067 qui
749 1017 883 1054 eodem
899 1018 994 1067 jugo
1015 1018 1217 1067 tegebatur
1235 1018 1310 1055 loci
1330 1031 1398 1056 na·

256 1085 355 1122 tura,
387 1084 439 1123 et,
473 1078 576 1127 quod
597 1084 784 1115 remotum
805 1086 884 1115 erat
905 1091 927 1115 a
946 1079 1080 1116 castris
1100 1079 1286 1124 Caesaris,
1319 1079 1398 1116 ani-

254 1138 520 1175 madvertebat
538 1137 613 1174 loci
629 1137 904 1183 difficultatem,
924 1146 976 1184 et,
993 1139 1094 1188 quod
1115 1139 1271 1176 flumine
1294 1138 1401 1177 Salso

254 1199 595 1244 intercludebatur,
616 1211 692 1235 non
713 1211 794 1236 esse
814 1200 1103 1236 commissurum
1121 1200 1335 1245 Caesarem,
1355 1206 1397 1238 ut

253 1261 291 1298 in
307 1267 413 1298 tanta
427 1259 501 1297 loci
516 1259 738 1297 difficultate
754 1259 802 1296 ad
821 1260 1027 1297 subsidium
1045 1260 1342 1297 submittendum
1359 1273 1400 1297 se

253 1321 436 1357 mitteret.
488 1319 569 1357 Ista
594 1319 716 1356 fretus
737 1320 930 1370 opinione,
964 1321 1077 1358 tertia
1095 1320 1223 1370 vigilia
1250 1320 1400 1371 profec-

254 1389 329 1426 tus,
349 1379 547 1418 castellum
567 1392 790 1431 oppugnare
810 1381 950 1431 coepit,
971 1388 1014 1418 ut
1040 1380 1297 1418 laborantibus
1317 1393 1402 1419 suc-

254 1448 438 1480 curreret.
501 1441 648 1486 Nostri,
681 1454 796 1491 quum
818 1432 1202 1492 appropinquassent,
1235 1441 1400 1478 clamore

251 1502 453 1553 repentino
483 1501 721 1552 telorumque
740 1501 984 1544 multitudine
1010 1504 1138 1551 jactus
1157 1500 1284 1538 facere
1313 1514 1399 1539 coe-

255 1570 405 1614 perunt,
434 1564 488 1600 uti
507 1575 683 1612 magnam
704 1569 849 1612 partem
872 1562 1068 1598 hominum
1087 1562 1303 1598 vulneribus
1323 1563 1400 1599 affi-

253 1631 399 1661 cerent.
461 1624 547 1664 Quo
575 1630 746 1673 peracto,
780 1636 896 1673 quum
923 1636 971 1660 ex
1001 1623 1157 1661 castello
1189 1636 1402 1673 repugnare

252 1684 484 1734 coepissent,
515 1691 553 1721 et
572 1684 778 1734 majoribus
799 1684 931 1721 castris
951 1684 1104 1722 Caesari
1125 1685 1286 1721 nuncius
1301 1692 1401 1721 esset

251 1745 401 1791 allatus,
420 1758 507 1783 cum
525 1757 575 1781 111
595 1744 811 1795 legionibus
830 1752 888 1781 est
907 1745 1124 1794 profectus:
1145 1752 1197 1790 et,
1219 1758 1333 1794 quum
1349 1745 1397 1782 ad

251 1819 317 1844 eos
336 1806 691 1857 appropinquasset,
720 1805 811 1855 suga
831 1805 1020 1855 perterriti
1042 1805 1149 1842 multi
1176 1813 1264 1842 sunt
1284 1805 1401 1842 inter-

250 1867 358 1912 fecti,
386 1866 603 1917 complures
632 1866 755 1916 capti;
788 1866 825 1902 in
856 1866 992 1915 quibus
1019 1866 1094 1903 duo
1129 1869 1150 1890 ²<
1181 1869 1217 1902 *.
1282 1865 1398 1903 Multi

251 1936 463 1978 praeterea,
491 1927 603 1964 armis
622 1926 743 1972 exuti,
774 1926 977 1977 fugerunt3
1005 1939 1165 1977 quorum
1185 1934 1294 1964 scuta
1313 1935 1402 1964 sunt

251 1989 371 2026 relata
388 2000 510 2025 Lxxx.

301 2049 350 2086 X.
395 2048 618 2099 Insequenti
637 2048 723 2086 luce
745 2048 955 2098 Arguetius
984 2061 1032 2085 ex
1053 2047 1164 2085 ltalia
1184 2061 1270 2085 cum
1290 2049 1397 2098 equi-

252 2117 334 2147 tatu
353 2110 469 2147 venit.
523 2109 560 2146 Is
579 2110 687 2159 signa
707 2108 1004 2158 Saguntinorum
1027 2109 1156 2146 retulit
1176 2122 1211 2154 v,
1233 2121 1329 2159 quae
1350 2110 1398 2146 ab

251 2169 452 2221 oppidanis
472 2169 586 2219 cepit.
634 2168 711 2205 Suo
731 2169 816 2205 loco
837 2169 1065 2219 praeteritus
1081 2177 1152 2214 est,
1175 2170 1276 2220 quod
1297 2170 1401 2219 equi-

254 2239 310 2267 tes
329 2243 378 2267 ex
398 2229 507 2266 Italia
536 2242 621 2267 cum
643 2229 860 2280 Asprenate
886 2230 934 2266 ad
964 2231 1165 2266 Caesarem
1195 2230 1399 2267 venissent.

255 2290 309 2335 Ea
331 2298 445 2328 nocte
466 2290 672 2341 Pompeius
691 2297 815 2328 castra
835 2303 903 2327 sua
922 2289 1105 2336 incendit,
1125 2298 1163 2328 et
1182 2290 1229 2327 ad
1250 2289 1397 2328 Cordu-
