1472 2664
263 264 336 302 166
696 263 747 299 A.
786 260 963 300 HIRTII

257 365 496 416 populusque
518 365 725 411 Romanus,
745 366 809 403 ubi
826 366 1041 418 respublica
1055 372 1173 409 esset;
1192 363 1276 416 quis
1291 366 1397 404 deinae

257 427 307 463 de
321 434 408 477 post
422 427 469 463 L.
484 426 706 472 Lentulum,
727 427 771 464 C.
787 427 1030 472 Marcellum,
1051 427 1182 465 consul
1198 436 1319 464 esset:
1339 435 1395 465 ta-

257 500 346 524 men
365 500 405 524 se
425 488 641 524 concedere
661 487 698 524 id
716 487 860 525 factum
880 488 1138 538 superioribus
1157 487 1233 525 suis
1252 488 1396 525 benefi-

257 548 340 594 ciis,
365 549 486 586 veteri
504 548 671 598 hospitio
690 556 806 598 atque
825 548 1027 593 amicitiae,
1060 548 1237 598 dignitati
1263 549 1397 587 aetati-

258 621 333 658 que
352 609 530 654 hominis,
549 609 728 659 precibus
746 622 894 655 eorum,
916 610 978 659 qui
994 609 1216 660 frequentes
1235 623 1398 648 concur-

257 669 409 715 rissent,
433 670 603 720 hospites
622 677 737 720 atque
757 670 868 707 amici
895 670 1083 719 Dejotari,
1115 671 1163 707 ad
1189 671 1399 721 deprecan-

256 731 371 774 dum;
399 732 447 768 de
467 731 735 768 controversiis
756 732 1033 768 tetrarcharum
1054 739 1187 781 postea
1205 745 1245 769 se
1266 734 1399 782 cogni-

256 798 383 828 turum
403 804 499 836 esse,
519 791 642 828 dixit:
670 792 817 841 regium
836 792 1014 828 vestitum
1034 792 1069 828 ci
1089 792 1266 830 restituit.
1322 793 1398 830 Le-

255 851 408 901 gionem
428 859 571 897 autem,
591 865 704 902 quam
721 865 769 888 ex
788 865 931 902 genere
951 852 1089 890 civium
1107 866 1261 890 suorum
1278 854 1399 904 Dej0-

256 919 361 950 tarus
379 920 569 950 armatura
596 913 874 963 disciplinaque
902 921 1032 950 nostra
1059 913 1306 951 constitutam
1328 915 1394 952 ha-

257 974 388 1018 bebat,
418 974 711 1024 equitatumque
739 986 906 1020 omnem,
935 974 984 1011 ad
1012 974 1154 1011 bellum
1183 975 1397 1025 gerendum

256 1033 449 1071 adducere
464 1035 590 1084 jussit.

306 1094 451 1131 LXIX.
498 1097 625 1137 Quum
647 1096 683 1132 in
705 1095 870 1133 Pontum
889 1096 1070 1143 venisset,
1090 1096 1296 1148 copiasque
1316 1111 1396 1135 om-

255 1168 325 1193 nes
353 1156 389 1192 in
411 1170 527 1192 unum
556 1157 683 1193 locum
717 1157 920 1207 coegisset,
951 1170 1048 1207 quae
1076 1170 1251 1205 numero,
1283 1165 1399 1210 atque

258 1218 537 1255 exercitatione
564 1218 765 1262 bellorum,
796 1218 1010 1255 mediocres
1038 1226 1170 1261 crant;
1211 1218 1399 1270 (excepta

255 1278 356 1314 enim
374 1277 525 1327 legione
547 1290 606 1323 w,
626 1291 740 1328 quam
759 1290 889 1315 secum
909 1277 1123 1315 adduxerat
1145 1278 1398 1324 Alexandria,

255 1345 490 1384 veteranam,
529 1339 659 1375 multis
695 1338 887 1376 laboribus
919 1338 1176 1389 periculisque
1212 1338 1398 1385 functam,

255 1399 462 1449 multisque
491 1400 689 1445 militibus,
716 1399 854 1451 partim
884 1399 1108 1438 difficultate
1141 1399 1319 1437 itinerum
1352 1413 1398 1438 ac

257 1460 556 1510 navigationum,
588 1461 725 1511 partim
746 1459 952 1498 crebritate
980 1460 1182 1505 bellorum,
1216 1460 1313 1498 adeo
1333 1460 1399 1498 de-

256 1521 455 1566 minutam,
484 1529 527 1558 ut
545 1522 670 1559 minus
697 1522 801 1559 mille
819 1521 1017 1566 hominum
1038 1521 1076 1557 in
1096 1533 1142 1558 ea
1159 1528 1284 1564 esset;
1312 1521 1399 1558 reli-

257 1594 356 1632 quae
375 1589 483 1619 erant
505 1594 555 1619 111
575 1582 760 1633 legiones,
784 1595 861 1619 una
879 1582 1069 1631 Dejotari,
1098 1582 1214 1628 duae,
1241 1595 1338 1633 quae
1359 1583 1397 1619 in

256 1656 303 1680 eo
322 1644 483 1694 proelio,
516 1644 619 1695 quod
640 1644 712 1682 Cn.
733 1644 946 1681 Domitium
967 1643 1105 1681 fecisse
1124 1656 1211 1680 cum
1232 1642 1401 1681 Pharna-

257 1718 303 1742 ce
317 1705 552 1756 scripsimus,
570 1704 745 1755 fuerant)
764 1704 895 1754 legati,
914 1716 938 1741 a
952 1703 1150 1741 Pharnace
1165 1703 1281 1749 missi,
1302 1705 1400 1742 Cae-

254 1778 376 1803 sarem
389 1766 547 1813 adeunt,
562 1774 677 1817 atque
692 1766 729 1802 in
743 1764 873 1814 primis
887 1764 1156 1814 deprecantur,
1172 1777 1220 1801 ne
1236 1766 1318 1814 ejus
1333 1765 1399 1802 ad-

254 1834 393 1864 ventus
412 1827 560 1864 hostilis
580 1833 706 1864 esset:
734 1826 924 1863 facturum
954 1825 1054 1863 enim
1075 1825 1202 1862 onmia
1230 1825 1400 1863 Pharna-

254 1900 340 1932 cen,
357 1901 454 1938 quae
470 1888 656 1938 imperata
673 1894 815 1925 essent.
852 1886 1102 1936 Maximeque
1123 1898 1399 1924 commemora-

254 1948 360 1993 bant,
380 1949 483 1986 nulla
500 1948 723 1986 Pharnacen
744 1947 887 1984 auxilia
907 1954 1042 1984 contra
1061 1948 1265 1985 Caesarem
1286 1947 1399 1985 Pom-

255 2008 343 2058 peio
363 2009 453 2045 dare
469 2009 656 2052 voluisse;
676 2022 792 2059 quum
813 2008 1035 2058 Dejotarus,
1055 2008 1119 2059 qui
1138 2008 1323 2053 dedisset,
1343 2015 1401 2045 ta»

254 2081 343 2105 men
365 2069 398 2106 ei
419 2070 678 2108 satisfecisset.

305 2129 431 2166 LXX.
461 2132 602 2168 Caesar
614 2131 825 2181 respondit,
845 2143 885 2168 se
899 2131 982 2168 fore
996 2130 1265 2181 aequissimum
1279 2130 1399 2168 Phar-

256 2191 356 2236 naci,
389 2191 433 2236 si,
467 2204 565 2241 quae
598 2192 858 2242 polliceretur,
896 2199 1252 2241 repraesentaturus
1283 2199 1397 2228 esset.

254 2251 413 2288 Monuit
433 2258 576 2297 autem,
598 2259 639 2288 ut
659 2252 820 2296 solebat,
840 2251 994 2289 mitibus
1020 2252 1145 2289 verbis
1164 2252 1325 2302 legatos,
1345 2266 1394 2290 ne

253 2319 320 2349 aut
337 2313 563 2363 Dejotarum
584 2312 654 2349 sibi
672 2313 899 2363 objicerent,
919 2320 986 2351 aut
1000 2313 1110 2351 nimis
1126 2326 1172 2351 eo
1188 2313 1399 2364 gloriaren-
