1472 2664
481 262 646 299 LIBER
699 263 755 301 II.
1139 255 1184 301 41

46 371 150 413 rant,
177 365 392 417 opinionem
424 366 472 403 ad
491 378 578 403 eum
614 365 826 416 perferunt,
854 363 932 402 sive
951 364 1066 402 etiam
1085 365 1187 402 auria

49 428 122 465 bus
151 427 240 464 Vari
258 426 439 471 serviunt,
473 425 580 477 (nam
601 439 698 476 quae
716 425 903 470 volumus,
937 433 976 462 et
996 425 1187 462 credimus

49 487 232 530 libentem
256 494 309 533 et,
328 499 426 537 quae
444 486 627 523 sentimus
647 486 731 536 ipsi,
750 486 918 535 reliquos
937 485 1080 522 sentire
1099 498 1186 535 spe-

49 548 196 598 ramus)
213 577 218 580 .
233 547 456 585 confirmant
483 547 636 596 quidem
657 554 776 591 certe,
796 546 913 583 totius
933 546 1127 583 exercitus
1145 559 1186 584 a·

50 609 171 646 nimos
189 608 332 646 alienos
351 620 433 645 esse
453 620 476 644 a
495 606 687 644 Curione:
722 606 887 644 maxime
907 619 1002 657 opus
1022 619 1118 652 esse,
1146 607 1186 643 in

49 676 296 718 conspectum
328 668 539 705 exercitum
573 667 716 711 venire,
743 674 784 704 et
815 666 1061 716 colloquendi
1093 666 1187 704 dare

46 728 280 766 facultatem.
335 730 420 770 Qua
438 727 619 778 opinione
637 726 842 771 adductus,
869 726 994 763 Varus
1028 733 1184 776 postero

47 788 109 826 die
138 801 250 826 mane
269 788 438 838 legiones
471 800 518 824 ex
540 787 673 824 castris
692 787 846 824 educit:
873 786 966 824 facit
985 786 1085 823 idem
1108 787 1186 825 Cu-

46 849 128 892 rio;
155 856 269 899 atque
290 860 376 894 una,
409 848 504 885 valle
537 860 614 884 non
632 859 771 897 magna
789 847 1005 897 interjecta,
1033 860 1120 885 suas
1141 861 1184 885 u-

44 917 178 960 terque
198 910 326 959 copias
346 909 511 946 instruit.

99 969 286 1007 XXVIII.
341 969 433 1006 Erat
446 969 484 1005 in
497 969 672 1006 exercitu
688 968 780 1006 Vari
797 968 937 1006 Sextus
951 969 1184 1010 Quinctilius

49 1030 185 1075 Varus,
218 1042 332 1080 quem
349 1029 464 1067 fuisse
485 1028 640 1066 Corfinii
660 1041 772 1078 supra
790 1028 1092 1066 demonstratum
1113 1038 1185 1067 est.

46 1090 140 1136 Hic,
159 1090 333 1128 dimissus
351 1102 373 1127 a
393 1090 570 1134 Caesare,
596 1089 635 1125 in
655 1088 826 1126 Africam
847 1097 1022 1126 venerat:
1063 1090 1184 1140 legio-

43 1163 186 1202 nesque
220 1163 284 1188 eas
315 1149 585 1188 transduxerat
622 1149 752 1194 Curio,
793 1161 887 1199 quas
922 1150 1184 1200 superioribus

43 1212 276 1263 temporibus
296 1211 465 1249 Corfinio
484 1217 683 1261 receperat
702 1210 867 1254 Caesam
895 1210 992 1247 adeo
1013 1217 1068 1256 ut,
1088 1224 1184 1261 pau-

44 1273 98 1310 cis
113 1272 269 1310 mutatis
285 1271 586 1316 centurionibus,
606 1271 720 1308 iidem
740 1271 893 1308 ordines
920 1271 1182 1323 manipulique

42 1340 276 1371 constarent.
368 1332 482 1369 Hanc
517 1339 652 1369 nactus
688 1331 958 1382 appellationis
994 1345 1181 1380 caussam,

40 1393 273 1433 Quinctilius
293 1392 495 1430 circumire
514 1392 636 1429 aciem
656 1392 848 1437 Curionis,
868 1399 983 1442 atque
1002 1393 1182 1430 obsecra-

42 1465 84 1489 re
111 1453 263 1499 milites,
284 1452 426 1503 coepit,
454 1465 502 1489 ne
532 1452 642 1502 primi
677 1453 918 1497 sacramenti,
947 1453 1050 1502 quod
1079 1454 1182 1504 apud

41 1512 255 1550 Domitium
287 1520 401 1564 atque
426 1513 528 1563 apud
546 1525 586 1550 se
607 1521 848 1563 quaestorem
873 1512 1073 1557 dixissent,
1102 1526 1182 1550 me-

41 1574 198 1610 moriam
219 1575 476 1624 deponercnt;
521 1586 598 1611 neu
625 1581 759 1610 contra
791 1586 856 1610 eos
885 1586 989 1609 arma
1020 1574 1180 1619 ferrent,

41 1634 105 1682 qui
125 1634 258 1670 eadem
279 1643 405 1671 essent
427 1634 482 1671 usi
503 1634 667 1678 fortuna,
693 1633 904 1683 eademque
924 1633 961 1669 in
982 1633 1180 1671 obsidione

38 1694 206 1744 perpessi
223 1711 232 1738 ;
259 1707 333 1732 neu
350 1708 418 1745 pro
439 1695 481 1731 iis
503 1701 730 1745 pugnarent,
750 1707 772 1731 a
790 1694 928 1744 quibus
946 1695 1182 1732 contumelizt

36 1753 218 1804 perfugae
237 1755 534 1805 appellarentur.
589 1755 662 1791 His
679 1767 801 1804 pauca
819 1755 868 1792 ad
886 1768 993 1805 spem
1010 1755 1181 1806 largitio-

38 1814 96 1850 nis
115 1814 275 1860 addidit,
304 1829 400 1866 quae
419 1816 466 1853 ab
486 1829 554 1853 sua
581 1815 824 1861 liberalitate,
860 1815 890 1852 si
910 1828 950 1852 se
969 1824 1085 1865 atque
1107 1817 1180 1855 At-

40 1873 134 1911 tium
153 1875 276 1912 secuti
295 1884 436 1922 essent,
465 1884 692 1925 exspectare
712 1875 910 1913 deberent.
965 1875 1054 1914 Hac
1073 1877 1181 1914 habi-

39 1941 79 1971 ta
97 1936 283 1981 oratione,
303 1936 443 1973 nullam
461 1936 497 1972 in
517 1945 664 1986 partem
683 1936 730 1973 ab
746 1936 920 1973 exercitu
938 1935 1117 1974 Curionis
1136 1939 1180 1975 fit

37 1994 291 2044 significatio:
319 2003 434 2046 atque
454 1996 507 2033 ita
525 2008 610 2033 suas
638 2004 802 2046 uterque
830 1996 958 2047 copias
990 1998 1155 2036 reducit.

86 2055 234 2092 XXIX.
289 2057 419 2106 Atque
450 2057 489 2093 in
519 2057 651 2094 castris
679 2057 856 2094 Curionis
875 2070 1036 2107 magnus
1056 2059 1178 2096 omni-

36 2128 100 2153 um
120 2115 275 2153 incessit
306 2116 443 2161 timor;
470 2129 556 2154 nam
578 2117 607 2154 is
634 2117 747 2154 variis
766 2117 962 2155 hominum
993 2120 1180 2157 sermoni-

34 2176 106 2217 bus
125 2176 301 2214 celeriter
332 2184 520 2227 augetur:
551 2177 810 2228 unusquisque
842 2178 943 2215 enirn
977 2180 1178 2229 opiniones

33 2236 217 2287 fingebat,
236 2244 276 2274 et
293 2237 342 2275 ad
360 2237 413 2284 id,
441 2237 543 2288 quod
562 2239 609 2276 ab
639 2238 713 2276 alio
732 2238 918 2285 audierat,
947 2240 1003 2276 sui
1033 2241 1178 2291 aliquid

33 2297 179 2336 timoris
204 2297 381 2341 addebat.
447 2297 539 2337 Hoc
576 2299 640 2336 ubi
674 2312 750 2338 uno
778 2307 937 2338 auctore
967 2300 1015 2339 ad
1048 2302 1180 2353 plures

114 2356 223 2394 ΤοΜ.
249 2356 302 2394 11.
611 2358 643 2395 F
