1472 2664
511 309 675 347 LIBER
728 309 801 346 III.
1176 313 1219 349 91

87 424 146 454 est
162 415 294 453 vitium
308 412 541 458 munitionis,
562 413 664 463 quod
683 425 796 462 supra
815 411 1116 449 demonstratum
1136 420 1194 449 est
1211 428 1219 455 ;

87 485 202 528 atque
216 477 313 514 inter
330 475 424 511 duos
442 473 573 519 vallos,
594 486 669 523 qua
686 472 899 523 perfectum
914 485 1008 522 opus
1029 485 1104 509 non
1124 481 1219 518 erat,

85 551 154 588 per
179 549 281 575 mare
309 535 465 572 navibus
483 534 648 584 expositi
675 533 712 569 in
741 545 893 570 aversos
921 539 1071 569 nostros
1102 533 1219 583 impe-

85 605 166 635 tum
183 598 369 641 fecerunt,
388 603 516 645 atque,
536 607 585 631 ex
605 601 766 644 utraque
794 593 1006 630 munitione
1032 592 1218 642 dejectos,

84 665 192 707 terga
211 664 358 694 vertere
377 656 598 704 coegerunt.

134 717 276 754 LXIV.
330 716 418 752 Hoc
449 714 615 751 tumultu
646 714 841 759 nunciato,
871 713 1122 751 Marcellinus
1156 728 1219 752 co-

82 778 212 815 hortes
230 776 399 814 subsidio
418 775 556 813 nostris
583 775 841 812 laborantibus
860 774 1048 811 submittit
1065 790 1074 816 ;
1107 787 1220 824 quae,

82 850 132 875 ex
151 837 283 874 castris
307 836 497 886 fugientes
531 834 787 884 conspicatae,
820 846 944 884 neque
964 833 1048 870 illos
1067 846 1135 870 suo
1155 834 1219 870 ad-

81 905 198 934 ventu
217 897 442 934 confirmare
466 902 686 945 potuerunt,
705 906 830 944 neque
849 894 952 943 ipsae
967 893 1131 929 hostium
1152 894 1221 929 im-

79 965 212 1008 petum
231 957 412 994 tulerunt.
457 956 607 1005 Itaque,
628 955 883 1005 quodcunque
898 953 1112 990 addebatur
1132 954 1220 991 sub·-

83 1019 192 1064 sidio,
219 1017 272 1063 id,
293 1023 514 1066 corruptum
533 1016 670 1052 timore
689 1014 933 1064 fugientium,
968 1021 1152 1051 terrorem
1180 1022 1219 1051 et

80 1079 289 1130 periculum
306 1078 487 1127 augebat:
504 1076 700 1113 hominum
712 1075 813 1112 enirn
829 1074 1073 1111 multitudine
1088 1088 1220 1125 recep-

80 1147 142 1176 tus
161 1138 449 1188 impediebatur.
488 1136 533 1172 In
554 1148 599 1172 eo
619 1134 778 1184 proelio,
799 1147 915 1183 quum
935 1134 1040 1182 gravi
1061 1135 1217 1171 vulnere

81 1206 180 1236 esset
199 1197 356 1234 affectus
375 1195 563 1246 aquilifer,
598 1202 636 1231 et
656 1207 677 1230 a
696 1193 837 1230 viribus
856 1193 1099 1238 deficeretur,
1130 1207 1221 1231 con·

78 1258 248 1309 spicatus
267 1257 414 1306 equites
434 1263 596 1300 nostrOS,
618 1259 644 1277 “
657 1255 771 1291 Hanc
787 1255 904 1303 ego‚''
920 1253 1056 1304 inquit,
1077 1259 1102 1276 “
1116 1263 1154 1292 et
1166 1255 1220 1291 vi-

80 1325 107 1343 “
127 1332 194 1356 vus
217 1318 356 1355 multos
375 1329 444 1367 per
469 1329 589 1353 annos
607 1327 745 1364 magna
763 1314 961 1364 diligentia
981 1314 1148 1361 defendi,
1182 1324 1220 1353 et

78 1385 107 1405 “
124 1393 226 1418 nunc
240 1379 406 1417 moriens
424 1377 559 1414 eadem
578 1376 652 1413 fide
673 1376 826 1413 Caesari
845 1376 1016 1413 restituo.
1073 1376 1218 1422 Nolite,

80 1446 106 1466 “
125 1442 300 1484 obsecro,
319 1437 572 1481 committere,
601 1436 704 1486 quod
722 1443 809 1472 ante
828 1435 865 1471 in
886 1436 1060 1472 exercitu
1081 1436 1220 1474 Caesa-

78 1506 104 1524 “
123 1501 173 1538 ris
192 1513 268 1538 non
287 1498 442 1543 accidit,
461 1504 502 1533 ut
523 1496 576 1535 rei
595 1496 766 1532 militaris
782 1495 951 1532 dedecus
970 1495 1218 1540 admittatur3

78 1567 105 1585 “
124 1561 429 1609 incolumemque
449 1558 497 1594 ad
512 1548 597 1595 eum
630 1556 820 1594 deferte.”
874 1555 963 1592 Hoc
985 1568 1075 1593 casu
1093 1558 1220 1607 aquila.

79 1628 339 1665 conservatur,
372 1618 545 1655 omnibus
564 1617 710 1667 primae
743 1616 912 1653 cohortis
932 1618 1219 1656 centurionibus

77 1684 304 1729 interfectis,
326 1689 477 1733 praeter
498 1680 711 1731 principem
730 1679 908 1730 priorem.

128 1742 249 1779 LXV.
302 1741 466 1790 Jamque
494 1739 731 1789 Pompeiani,
762 1751 901 1788 magna
920 1740 1038 1777 caede
1070 1749 1219 1779 nostro-

78 1815 175 1848 rum,
195 1801 327 1839 castris
346 1800 564 1838 Marcellini
579 1799 950 1850 appropinquabant,
977 1813 1054 1837 non
1074 1802 1217 1840 medio-

79 1862 134 1900 cri
153 1869 297 1899 terrore
328 1861 432 1898 illato
461 1860 616 1910 reliquis
642 1860 864 1897 cohortibus
881 1874 890 1896 ι
930 1867 969 1897 et
1001 1860 1060 1897 M.
1091 1862 1217 1899 Anto·

77 1923 176 1968 nius,
214 1921 278 1972 qui
296 1921 512 1972 proximum
532 1921 658 1958 locum
678 1920 952 1970 praesidiorum
972 1922 1142 1967 tenebat,
1171 1935 1218 1959 ea

77 1995 120 2020 re
137 1982 329 2027 nunciata,
365 1994 452 2018 cum
472 1981 694 2018 cohortibus
722 1992 785 2017 xu
807 1981 1043 2018 descendens
1062 1994 1111 2019 ex
1131 1983 1217 2020 loco

47 2059 51 2063 *
77 2042 272 2093 superiore
305 2042 544 2079 cernebatur.
599 2041 718 2091 Cujus
745 2042 930 2079 adventus
963 2042 1216 2093 Pompeianos

77 2102 324 2152 compressit;
356 2109 583 2152 nostrosque
615 2101 792 2148 firmavit,
829 2109 871 2138 ut
901 2115 941 2139 se
971 2116 1021 2140 ex
1049 2105 1217 2142 maximo

79 2162 214 2200 timore
233 2163 470 2212 colligerent.
526 2162 660 2213 Neque
684 2162 804 2199 multo
823 2170 910 2212 post
930 2164 1083 2209 Caesar,
1102 2166 1218 2215 signi-

77 2223 255 2260 ficatione
286 2236 354 2273 per
385 2222 542 2260 castella
558 2223 664 2260 fumo
694 2223 809 2267 facto,
841 2231 882 2260 ut
902 2232 985 2261 erat
1011 2226 1217 2275 superioris

77 2284 257 2334 temporis
276 2283 527 2328 consuetudo,
547 2283 722 2321 deductis
741 2284 966 2334 quibusdam
995 2285 1217 2323 cohortibus

76 2355 127 2380 ex
141 2344 351 2394 praesidiis,
371 2343 508 2382 eodem
519 2344 635 2382 venit.
690 2345 780 2392 Qui,
802 2345 958 2396 cognito
973 2347 1216 2394 detrimento,
