1472 2664
250 259 304 292 40
564 255 637 292 DE
675 255 854 293 BELLO
895 255 1061 294 CIVILI

249 359 571 408 promulgaverat,
601 372 677 409 qua
708 358 793 409 lege
826 372 985 409 regnum
1017 359 1142 397 Jubae
1172 359 1393 410 publicave*

250 426 321 455 rat.
360 419 607 457 Concurrunt
621 420 768 470 equites
784 422 883 457 inter
897 433 952 466 se,
973 433 1096 470 neque
1117 434 1208 457 vero
1227 421 1391 471 primum

250 480 434 529 impetum
467 490 681 518 nostrorum
713 481 902 518 Numidae
921 482 1019 518 ferre
1047 489 1283 531 potuerunt;
1310 481 1391 527 sed,

252 540 464 577 interfectis
498 541 651 578 circiter
671 553 763 585 cxx,
793 541 928 591 reliqui
947 554 987 578 se
1009 541 1046 577 in
1067 549 1191 578 castra
1217 541 1266 578 ad
1285 541 1395 591 oppi-

251 600 341 637 dum
371 610 616 651 recepcrunt.
667 602 841 647 Interim,
869 603 1036 639 adventu
1067 602 1267 651 longarum
1289 602 1394 639 navi-

248 676 326 707 um,
347 662 463 700 Curio
482 663 740 713 pronunciare
760 664 942 701 onerariis
964 664 1121 700 navibus
1136 663 1262 713 jubet,
1292 676 1390 714 quae

247 723 399 760 stabant
418 723 467 760 ad
489 725 655 770 Uticam,
675 737 835 762 numero
856 725 1009 762 circiter
1029 736 1091 770 cc,
1111 737 1152 761 se
1168 723 1206 760 in
1220 724 1389 761 bostium

245 784 462 822 habiturum
483 785 582 831 loeo,
603 786 667 835 qui
686 799 763 822 non
782 798 831 822 ex
847 785 1009 835 vestigio
1027 784 1076 822 ad
1095 793 1219 822 castra
1238 785 1386 822 Corne-

244 845 346 882 liana
362 846 446 882 vela
464 846 682 883 direxisset.
718 848 804 888 Qua
817 846 1135 896 pronunciatione
1154 846 1270 890 fucta,
1293 853 1391 882 tem-

247 906 351 958 poris
367 915 528 957 puncto,
549 908 706 944 sublatis
725 908 917 952 anchoris,
937 920 1071 944 omnes
1097 907 1253 944 Uticam
1273 906 1388 943 relin-

247 974 386 1017 quunt,
413 976 465 1012 et,
494 981 569 1017 quo
590 967 817 1017 imperatum
851 975 922 1012 est,
951 973 1174 1003 transeunt:
1203 979 1300 1016 quae
1334 979 1395 1004 res

245 1028 414 1064 omnium
439 1040 566 1065 rerum
586 1028 697 1078 copia
716 1028 923 1078 complevit
942 1028 1170 1065 exercitum.

300 1088 447 1125 XXVI.
502 1088 576 1126 His
600 1090 715 1126 rebus
735 1089 868 1139 gestis,
901 1089 1018 1126 Curio
1051 1100 1092 1125 se
1122 1088 1161 1124 in
1190 1095 1317 1125 castra
1346 1088 1395 1125 ad

249 1149 467 1199 Bagradam
487 1149 646 1200 recepit,
675 1158 791 1200 atque
822 1149 989 1186 universi
1016 1149 1212 1186 exereitus
1240 1148 1396 1186 concla-

247 1211 415 1249 matione
435 1211 644 1261 imperator
658 1211 894 1261 appellatum
914 1218 1146 1260 posteroque
1162 1209 1222 1247 die
1237 1209 1394 1247 Uticam

247 1271 462 1310 exercitum
478 1272 599 1318 ducit,
613 1280 654 1310 et
665 1284 786 1322 prope
802 1271 984 1322 oppidum
1002 1278 1127 1309 castra
1140 1271 1260 1322 ponit.
1286 1270 1394 1308 Non-

246 1333 338 1370 dum
358 1345 475 1383 opere
495 1339 707 1369 castrorum
737 1333 926 1382 perfecto,
965 1332 1113 1383 equites
1145 1345 1195 1368 ex
1226 1332 1394 1370 statione

244 1395 445 1440 nunciant,
465 1407 604 1443 magna
623 1393 766 1432 auxilia
785 1393 957 1443 equitum
978 1393 1242 1445 peditumque,
1265 1393 1312 1430 ab
1332 1405 1393 1430 re·

247 1469 296 1506 ge
320 1455 448 1500 missa,
465 1455 620 1492 Uticam
638 1455 783 1492 venire:
804 1454 1018 1505 eodemque
1033 1462 1205 1504 tempore
1218 1453 1273 1491 vis
1287 1466 1393 1503 mag·

248 1529 295 1554 na
315 1515 480 1567 pulveris
501 1516 743 1561 cernebatur,
772 1523 811 1553 ct
829 1515 990 1565 vestigio
1009 1516 1193 1566 temporis
1228 1515 1392 1566 primum

245 1589 384 1627 agmen
415 1584 495 1613 erat
516 1576 553 1612 in
575 1583 798 1627 conspectu.
853 1576 1035 1613 Novitate
1055 1576 1124 1622 rei,
1144 1576 1276 1620 Curio,
1305 1589 1392 1626 per-

247 1645 386 1683 motus,
415 1637 626 1687 praemittit
645 1636 810 1687 equites,
837 1636 902 1687 qui
922 1637 1085 1687 primum
1103 1637 1290 1688 impetum
1309 1649 1388 1674 sus·-

247 1698 408 1743 tineant‚
436 1711 482 1735 ac
510 1706 733 1735 morentur:
761 1698 857 1748 ipse,
885 1697 1062 1735 celeriter
1095 1698 1142 1736 ab
1175 1710 1291 1747 opere
1324 1697 1391 1734 de-

247 1758 375 1795 ductis
390 1758 620 1808 legionibus,
652 1758 774 1795 aciem
808 1757 974 1795 instruit.
1028 1757 1188 1808 Equites
1214 1758 1391 1794 commit-

248 1827 335 1856 tunt
361 1818 548 1868 proelium
569 1832 578 1854 :
607 1826 646 1856 et
665 1818 784 1869 prius,
812 1831 926 1869 quam
944 1818 1059 1868 plane
1076 1819 1248 1869 legiones
1267 1819 1390 1869 expli-

248 1880 326 1916 cari
340 1886 377 1915 et
393 1879 602 1917 consistere
622 1887 790 1930 possent,
811 1886 892 1916 tota
910 1879 1051 1917 auxilia
1070 1880 1184 1930 regis,
1204 1879 1389 1930 impedita

245 1954 291 1977 ac
311 1940 547 1990 perturbata,
577 1940 681 1990 quod
713 1940 820 1977 nullo
836 1940 971 1978 ordine
1002 1950 1042 1978 et
1059 1941 1141 1978 sine
1161 1941 1299 1978 timore
1317 1940 1389 1978 iter

245 2002 435 2046 fecerant,
454 2001 492 2036 in
511 2000 640 2050 fugam
660 2013 700 2038 se
721 2001 930 2051 conjiciunt
947 2015 956 2038 ε
997 2001 1249 2052 equitatuque
1286 2002 1392 2039 omni

246 2062 327 2098 fere
349 2060 543 2106 ineolumi,
575 2062 677 2111 quod
696 2074 737 2099 se
765 2074 834 2112 per
865 2061 995 2099 littora
1014 2062 1192 2100 celeriter
1211 2063 1249 2100 in
1282 2063 1391 2113 oppi-

248 2123 336 2158 dum
357 2122 517 2172 recepit,
537 2134 716 2172 magnum
737 2122 910 2173 pediturn
924 2135 1125 2160 numerum
1142 2122 1389 2161 interficiunt.
1416 2120 1422 2124 “

299 2181 467 2218 XXVII.
521 2181 703 2219 Proxima
728 2190 841 2219 nocte
861 2182 1108 2219 centuriones
1126 2181 1246 2219 Marsi
1274 2194 1307 2219 11
1336 2195 1388 2220 ex

247 2243 382 2280 eastris
401 2241 591 2286 Curionis,
613 2255 701 2279 cum
721 2242 1020 2292 manipularibus
1036 2241 1114 2280 suis
1127 2255 1236 2288 xxii,
1249 2242 1298 2279 ad
1314 2243 1388 2280 At-

246 2304 342 2340 tium
359 2302 503 2341 Varum
522 2302 758 2353 perfugiunt.
809 2302 880 2349 Hi,
898 2315 967 2340 seu
984 2315 1089 2350 vere,
1108 2314 1223 2353 quam
1242 2302 1386 2341 habue-
