1472 2664
540 302 707 343 LIBER
759 304 836 342 111.
1213 306 1261 346 72²

166 407 252 447 XL.
304 406 454 450 Quibus
473 406 638 457 cognitIS
667 407 795 453 rebus,
825 407 898 445 Cn.
917 406 1123 458 Pompeius
1142 408 1262 456 filius,

117 470 183 521 qui
201 469 310 507 classi
329 467 547 518 Aegyptiae
567 475 757 517 praeerat,
776 468 825 505 ad
845 468 1004 505 Oricum
1025 468 1151 511 venit;
1171 469 1263 505 sub-

112 543 352 581 mersamque
373 529 496 566 navim
514 528 698 573 remulco,
719 529 922 579 multisque
942 528 1180 566 contendens
1199 528 1260 566 su·

111 592 237 638 nibus,
265 591 450 630 adduxit:
478 601 593 640 atque
621 589 779 627 alteram
801 602 950 635 navem,
985 602 1082 640 quae
1103 597 1186 627 erat
1212 589 1262 628 ad

114 651 327 692 custodiam
347 651 396 688 ab
415 650 545 689 Acilio
562 650 700 700 posita,
728 649 902 700 pluribus
922 662 1124 700 aggressus
1153 649 1260 687 navi-

113 713 198 758 bus,
227 712 264 748 in
285 711 422 762 quibus
441 711 490 748 ad
517 711 653 749 libram
681 709 827 748 fecerat
847 718 986 756 tui-rec,
1014 718 1055 747 ut
1074 724 1122 748 ex
1143 723 1257 760 supe·

113 773 205 811 riori
231 784 405 823 pugnans
437 772 538 817 loco,
580 772 827 822 integrosque
859 784 1009 822 semper
1041 771 1260 821 defatigatis

109 834 352 878 submittens,
385 841 422 870 et
442 831 598 882 reliquis
616 832 788 881 partibus
819 832 930 869 simul
950 845 999 869 ex
1027 840 1129 870 terra
1147 832 1261 869 scalis

109 903 150 933 et
179 895 301 933 classe
333 893 485 931 moenia
514 893 643 944 oppidi
677 900 843 938 tentans,
875 894 929 930 uti
958 894 1259 933 adversariorum

116 969 252 996 manus
271 955 486 1000 diduceret,
513 953 645 991 labore
665 960 705 991 et
725 954 970 992 multitudine
989 955 1152 993 telorum
1173 967 1261 991 nos-

111 1026 192 1056 tros
209 1017 325 1056 vicit:
363 1015 603 1065 defectisque
632 1014 910 1060 defensoribus,
939 1015 1003 1066 qui
1024 1028 1156 1052 omnes
1176 1028 1260 1053 sca-

110 1078 198 1129 phis
225 1075 380 1127 excepti
411 1074 647 1125 refugerant,
687 1075 800 1112 etiam
833 1088 966 1113 navem
1000 1077 1259 1126 expugnavit:

113 1139 326 1188 eodemque
346 1144 518 1186 tempore
538 1148 588 1172 ex
608 1135 728 1173 altera
747 1143 855 1185 parte
876 1137 1016 1174 molem
1046 1138 1169 1175 tenuit
1193 1151 1260 1175 na-

112 1199 274 1238 turalem
295 1198 500 1248 objectam,
534 1209 631 1247 quae
651 1209 774 1247 paene
803 1198 965 1235 insulam
987 1206 1123 1236 contra
1150 1199 1259 1249 oppi-

113 1261 203 1298 dum
223 1259 429 1300 effecerat;
456 1270 503 1294 xv
522 1258 699 1303 biremes,
719 1259 904 1308 subjectis
922 1260 1095 1305 scutulis,
1125 1260 1262 1310 impul-

119 1332 179 1358 sas
206 1319 393 1364 vectibus,
422 1318 460 1354 in
480 1318 698 1355 interiorem
729 1325 878 1368 partem
903 1318 1133 1356 transduxit.
1202 1318 1262 1356 lta

121 1394 171 1420 ex
198 1387 361 1430 utraque
388 1387 497 1430 parte
526 1391 641 1417 naves
672 1379 807 1428 longas
835 1391 1050 1429 aggressus,
1093 1392 1189 1429 quae
1223 1393 1265 1418 e-

116 1449 202 1480 rant
221 1441 412 1491 deligatae
432 1441 479 1478 ad
498 1448 653 1486 terram,
679 1448 795 1490 atque
815 1440 959 1485 inanes,
983 1452 1027 1477 1v
1049 1454 1097 1478 ex
1118 1441 1176 1478 liis
1197 1442 1267 1480 ab·

113 1502 240 1547 duxit,
268 1501 434 1552 reliquas
461 1501 644 1538 incendit.
699 1501 789 1539 Hoc
809 1501 988 1538 confecto
1009 1501 1178 1551 negotio,
1210 1503 1262 1539 D.

111 1562 304 1607 Laelium,
339 1562 386 1599 ab
409 1561 582 1600 Asiatica
601 1563 721 1600 classe
741 1562 965 1607 abductum,
998 1562 1166 1612 reliquit,
1196 1563 1259 1613 qui

113 1629 349 1662 commeatus
369 1621 519 1660 Bullide
539 1631 655 1674 atque
674 1623 856 1661 Amantia
876 1623 1071 1673 importari
1093 1623 1130 1659 in
1152 1623 1260 1673 oppi-

113 1684 202 1722 dum
222 1682 474 1732 prohibebat:
503 1683 597 1733 ipse,
621 1682 769 1721 Lissum
792 1683 1001 1733 profectus,
1031 1696 1146 1720 naves
1167 1697 1260 1722 one·

120 1744 237 1793 rapias
256 1754 351 1788 xxx,
379 1755 401 1781 a
427 1742 483 1781 M.
505 1744 678 1780 Antonio
697 1743 865 1788 relictas,
896 1743 995 1780 intra
1020 1752 1172 1793 portum
1194 1757 1261 1794 ag·

117 1816 284 1854 gressus,
303 1816 434 1842 omnes
453 1803 641 1847 incendit;
671 1804 820 1841 Lissum
843 1816 1066 1854 expugnare
1087 1812 1261 1851 conatus,

118 1864 413 1903 defendentibus
429 1864 574 1902 civibus
593 1865 788 1909 Romanis,
809 1865 871 1915 qui
886 1866 968 1914 ejus
988 1873 1200 1902 conventus
1223 1878 1264 1903 e-

115 1933 214 1971 rant,
235 1925 508 1976 militibusque,
529 1939 625 1976 quos
643 1926 819 1976 praesidii
842 1939 975 1964 caussa
989 1926 1144 1964 miserat
1164 1927 1262 1965 Cae-

114 2000 188 2032 sar,
210 1986 378 2024 triduum
394 1995 577 2032 moratus,
594 1987 726 2037 paucis
739 1987 778 2024 in
793 1988 1081 2038 oppugnatione
1101 1988 1261 2034 amissis,

113 2061 155 2086 re
177 2048 320 2086 infecta
339 2048 427 2087 inde
446 2048 633 2086 discessit.

169 2109 274 2147 XLI.
314 2110 468 2155 Caesar,
482 2117 682 2160 postquam
700 2109 924 2160 Pompeium
942 2109 990 2146 ad
1005 2110 1261 2160 Asparagium

118 2183 202 2208 esse
218 2171 413 2220 cognovit,
434 2171 568 2208 eodem
586 2182 675 2207 cum
694 2170 867 2208 exercitu
884 2168 1093 2220 profectus,
1113 2183 1262 2221 expug-

114 2238 204 2269 nato
224 2231 261 2268 in
282 2231 418 2269 itinere
435 2231 576 2281 oppido
594 2230 875 2275 Parthinorum,
898 2231 934 2266 in
955 2243 1030 2280 quo
1053 2230 1259 2281 Pompeius

114 2291 344 2342 praesidium
365 2292 545 2337 habebat,
572 2303 622 2328 ιιι
643 2291 706 2328 die
728 2292 765 2328 in
787 2291 1057 2329 Macedoniam
1078 2292 1124 2330 ad
1147 2292 1261 2330 Pom-

114 2352 240 2407 peium
260 2342 448 2403 pervenit,
471 2354 663 2404 juxtaque
682 2365 769 2390 eum
791 2360 913 2392 castra
934 2353 1087 2403 posuit3
1116 2363 1155 2392 et
1173 2366 1260 2404 pos·
