1472 2664
309 274 384 312 DE
413 273 591 311 BELLO
621 273 783 312 ALEX.
810 273 986 311 LIBER.
1145 276 1220 313 159

78 378 264 423 adfertur,
293 384 524 415 conventum
545 376 834 415 Cordubensem
853 377 901 414 ab
934 389 980 414 eo
1010 375 1221 418 defecisse;

77 438 398 488 Marcellumque,
430 446 496 475 aut
515 438 711 475 voluntate
742 445 809 475 aut
828 437 1056 475 necessitate
1076 436 1220 474 adduc-

79 507 175 545 tum,
207 498 392 549 (namque
420 499 458 537 id
477 499 579 536 varie
597 498 872 550 nunciabatur)
896 497 1114 535 consentire
1133 510 1222 534 cum

79 560 415 598 Cordubensibus:
451 573 482 597 11
513 560 690 598 cohortes
709 560 871 610 legionis
890 570 932 604 V,
952 571 1049 609 quae
1067 558 1222 595 fuerant

78 621 282 658 Cordubae
298 621 336 658 in
351 621 555 672 praesidio,
575 620 674 658 idem
690 621 833 658 facere.
889 619 1057 665 Cassius,
1085 618 1144 656 his
1164 631 1221 655 re-

80 682 152 718 bus
170 681 362 727 incensus,
390 688 518 718 movet
537 688 674 727 castra,
700 689 740 718 et
758 687 916 732 postero
935 680 998 717 die
1019 679 1222 730 Segoviam

78 743 128 779 ad
147 742 288 779 flumen
312 742 497 779 Silicense
516 742 633 779 venit.
686 741 760 788 Ibi,
785 741 914 780 habita
933 742 1134 787 concione,
1153 741 1222 778 mi-

73 802 183 840 litum
203 810 327 841 tentat
358 803 504 840 animos
520 817 529 839 ι
571 815 666 853 quos
698 803 914 853 cognoscit,
948 816 1024 840 non
1058 815 1128 839 sua
1154 801 1224 839 sed

77 863 251 901 Caesaris
269 863 437 900 absentis
456 875 604 908 caussa,
623 862 695 900 sibi
715 862 916 901 fidissimos
934 876 1033 909 esse,
1055 863 1220 900 nullum-

78 937 153 974 que
182 923 396 974 periculum
425 924 713 974 deprecaturos,
749 924 840 961 dum
872 936 941 974 per
968 937 1034 961 eos
1066 922 1222 961 Caesari

75 984 272 1034 provincia
292 985 570 1022 restitueretur.

128 1045 277 1082 LVIII.
329 1045 490 1084 Interim
509 1045 674 1083 Thorius
692 1045 743 1083 ad
762 1045 980 1084 Cordubam
1001 1053 1150 1083 veteres
1167 1044 1223 1081 le-

76 1106 210 1157 giones
228 1106 410 1144 adducit:
439 1120 498 1152 ac,
519 1119 566 1143 ne
580 1106 824 1145 dissensionis
845 1107 995 1144 initium
1013 1114 1145 1144 natum
1165 1119 1223 1144 se-

77 1168 215 1206 ditiosa
232 1168 395 1205 militum
423 1180 566 1218 suaque
600 1176 734 1205 natura
766 1168 982 1211 videretur3
1021 1167 1146 1213 simul,
1179 1174 1223 1204 ut

77 1236 212 1266 contra
231 1230 278 1270 Q.
298 1229 486 1274 Cassium,
503 1228 567 1279 qui
587 1228 762 1266 Caesaris
777 1229 931 1267 nomine
946 1228 1154 1278 majoribus
1168 1228 1223 1264 vi·

76 1290 180 1331 ribus
210 1291 266 1328 uti
284 1290 498 1336 videbatur,
512 1302 633 1340 aeque
648 1296 847 1340 potentem
867 1297 1082 1340 opponeret
1100 1289 1224 1340 digni-

76 1358 212 1395 tatem;
233 1351 365 1389 Cnaeo
381 1351 566 1402 Pompeio
584 1363 626 1388 se
640 1350 874 1401 provinciam
896 1363 1123 1401 recuperare
1142 1351 1220 1389 vel-

77 1411 128 1457 le,
147 1412 272 1462 palam
292 1411 494 1449 dictitabat
514 1427 524 1455 ;
550 1418 589 1449 et
607 1411 766 1448 forsitan
786 1411 902 1448 etiam
935 1411 1009 1448 hoc
1027 1411 1164 1449 fecerit
1182 1425 1225 1451 0-

77 1473 142 1510 dio
161 1472 349 1519 Caesaris,
382 1479 422 1509 et
454 1485 583 1510 amore
611 1471 800 1522 Pompeii,
828 1473 938 1521 cujus
956 1485 1095 1510 nomen
1127 1474 1224 1510 mul-

79 1540 161 1571 tum
180 1541 334 1584 poterat
351 1534 454 1584 apud
486 1546 550 1571 eas
579 1533 766 1583 legioneS‚
794 1545 887 1583 quas
907 1533 965 1571 Μ.
985 1533 1108 1571 Varro
1126 1534 1226 1572 obti-

78 1601 241 1632 nuerat:
269 1595 350 1641 sed,
370 1595 409 1632 id
428 1608 504 1646 qua
521 1602 648 1631 mente
669 1601 884 1632 commotus
901 1593 1050 1641 fecerit,
1070 1596 1224 1645 conjec-

78 1662 165 1693 tura
182 1655 361 1693 scirinon
380 1663 520 1707 potest.
574 1656 690 1693 Certe
709 1655 783 1692 hoc
803 1667 894 1705 prae
913 1667 953 1692 se
974 1655 1140 1693 Thorius
1167 1656 1223 1693 fe-

79 1716 211 1754 rebat:
239 1716 378 1754 milites
409 1717 506 1754 adeo
541 1716 774 1762 fatebantur,
802 1723 846 1753 ut
864 1716 936 1754 Cn.
958 1715 1132 1767 Pompeii
1154 1730 1223 1754 no-

80 1789 169 1814 men
196 1777 234 1814 in
254 1777 373 1815 scutis
391 1778 619 1828 inscriptum
637 1777 836 1814 haberent.
891 1776 1087 1827 Frequens
1105 1777 1225 1828 legio-

82 1837 194 1875 nibus
225 1845 437 1876 conventus
456 1838 605 1876 obviam
637 1838 778 1888 prodit,
813 1850 938 1888 neque
958 1845 1108 1875 tantum
1125 1839 1225 1875 viro-

81 1909 180 1944 rum,
198 1899 268 1936 sed
286 1900 402 1936 etiam
417 1907 580 1937 matrum
599 1898 776 1944 familias,
803 1911 848 1935 ac
867 1906 1196 1948 praetextatorum
1217 1915 1227 1942 ς

83 1958 404 2010 deprecaturque,
446 1974 495 1998 ne
524 1960 653 1997 hostili
689 1959 858 1997 adventu
890 1959 1108 1997 Cordubam
1136 1959 1227 1997 diri-

84 2026 222 2069 perent
237 2033 246 2056 :
267 2033 353 2058 nam
368 2034 409 2058 se
424 2028 560 2059 contra
574 2021 748 2058 Cassium
763 2021 905 2058 sentire
920 2033 1008 2058 cum
1027 2021 1202 2058 omnibus
1218 2036 1228 2064 ;

83 2086 220 2117 contra
239 2080 441 2119 Caesarem
462 2094 510 2118 ne
529 2081 658 2119 facere
677 2090 924 2131 cogerentur,
952 2093 1074 2119 orare.

134 2140 242 2178 LIX.
296 2141 444 2180 Tantae
463 2142 719 2180 multitudinis
733 2143 912 2193 precibus
927 2149 966 2180 et
980 2142 1146 2180 lacrimis
1160 2155 1228 2180 ex·

85 2201 227 2240 ercitus
255 2210 484 2249 commotus,
512 2216 627 2253 quum
646 2202 795 2241 videret
826 2204 875 2241 ad
894 2204 1067 2241 Cassium
1098 2215 1229 2254 perse-

87 2262 282 2312 quendum
301 2263 393 2300 nihil
413 2276 510 2314 opus
527 2276 611 2301 esse
631 2264 703 2301 Cn.
722 2264 897 2315 Pompeii
915 2265 1069 2302 nomine
1090 2274 1128 2301 et
1147 2276 1229 2301 me-

88 2322 223 2370 moria,
241 2331 397 2375 tamque
416 2324 591 2363 omnibus
610 2325 863 2372 Caesarianis,
895 2339 1008 2377 quam
1028 2325 1231 2376 Pompeia-
