1472 2664
251 271 326 307 204
683 268 732 303 A.
777 267 953 305 HIRTII

249 371 297 407 de
327 376 522 420 suggestu,
551 370 769 407 convocatis
798 371 965 407 omnium
998 370 1189 420 legionum
1222 369 1383 408 tribunis

249 431 624 481 centurionibusque,
653 435 678 454 “
699 430 871 468 Maxime
891 431 1071 476 vellem‚’'
1100 431 1236 481 inquit,
1265 437 1291 454 “
1317 431 1385 467 lio-

249 496 277 514 “
305 491 424 528 mines
452 504 542 528 suae
570 491 816 541 petulantiae,
845 491 1060 541 nimiaeque
1088 491 1285 536 libertatis,
1319 491 1385 527 ali-

249 555 276 573 “
304 551 455 601 quando
474 550 587 588 finem
606 550 800 597 fecissent,
820 563 1002 601 meaeque
1022 551 1202 595 lenitatis,
1234 551 1383 588 modes-

249 616 276 634 “
303 611 391 656 tiae,
408 611 702 662 patientiaeque,
719 611 904 649 rationem
921 612 1152 649 habuissent.
1182 611 1271 656 Sed,
1290 624 1386 661 quo-

249 676 276 695 “
303 672 402 708 niam
422 671 492 721 ipsi
521 671 591 708 sibi
611 684 734 722 neque
754 672 907 709 modum
927 685 1051 723 neque
1072 673 1272 709 terminum
1293 684 1383 708 con-

249 737 276 755 “
304 731 488 774 stituunt;
517 745 591 782 quo
618 732 736 770 ceteri
757 732 988 770 dissimiliter
1007 745 1046 769 se
1066 739 1214 782 gerant,
1234 739 1385 782 egomet

249 797 275 815 “
303 792 384 842 ipse
416 792 688 830 documentum
719 805 825 829 more
858 793 1008 830 militari
1043 793 1284 830 constituam.
1340 794 1383 828 C.

249 858 276 876 “
305 852 468 898 Aviene‚
501 852 602 903 quod
621 852 659 888 in
679 853 789 890 Italia
807 854 943 890 milites
963 853 1092 903 populi
1114 852 1276 889 Romani
1297 864 1385 889 con-

250 919 276 936 “
304 921 362 950 tra
381 913 652 964 rempublicam
672 912 872 963 instigASti‚
893 913 1120 963 rapinasque
1139 926 1207 963 per
1226 913 1385 950 munici-

247 978 274 996 “
301 975 364 1024 pia
382 973 529 1017 fecisti;
561 974 739 1024 quodque
766 974 858 1010 mihi
890 974 1018 1024 reique
1047 973 1220 1023 publicae
1245 972 1386 1009 inutilis

248 1039 275 1057 “
302 1035 420 1080 fuisti,
450 1041 487 1072 et
507 1047 575 1085 pro
595 1034 777 1072 militibus
803 1042 906 1072 tuam
935 1035 1111 1072 familiam
1136 1035 1386 1083 jumentaque

249 1100 274 1117 ‘⁶
303 1095 340 1131 in
360 1108 473 1132 naves
490 1095 719 1145 imposuisti;
741 1102 883 1145 tuaque
904 1108 1019 1145 opera
1039 1095 1218 1131 militibus
1237 1101 1385 1143 tempo-

249 1161 274 1178 “
303 1169 344 1193 re
362 1155 577 1193 necessario
595 1156 811 1206 respublica
830 1163 958 1194 caret:
985 1156 1032 1193 ob
1053 1168 1117 1192 eas
1133 1168 1205 1200 res,
1226 1154 1387 1203 ignomi-

248 1221 274 1239 “
303 1216 388 1253 niae
408 1229 553 1263 caussa,
574 1217 621 1253 ab
637 1217 809 1254 exercitu
824 1229 909 1253 meo
925 1224 961 1253 te
983 1228 1174 1260 removeo,
1193 1215 1386 1265 hodieque

247 1281 274 1299 “
302 1290 351 1313 ex
385 1276 519 1314 Africa
545 1277 690 1322 abesse,
718 1284 770 1322 et,
803 1285 984 1328 quantum
1013 1283 1152 1327 potest,
1181 1275 1385 1325 proficisci,

248 1341 274 1360 “
297 1338 428 1386 jubeo.
481 1337 656 1387 Itemque
675 1344 727 1382 te,
757 1337 806 1373 A.
828 1337 976 1383 Fontei,
1004 1336 1105 1387 quod
1124 1336 1296 1372 tribunus
1317 1336 1385 1372 mi-

248 1403 274 1420 “
302 1398 410 1435 litum
430 1397 644 1444 seditiosus,
663 1398 860 1448 malusque
880 1398 985 1443 civis,
1005 1397 1121 1442 fuisti,
1143 1397 1189 1434 ab
1210 1397 1384 1434 exercitu

247 1462 274 1482 “
302 1458 465 1495 dimitto.
520 1457 565 1494 T.
588 1457 751 1504 Saliene,
774 1458 831 1495 M.
851 1458 956 1504 Tiro,
987 1459 1031 1496 C.
1047 1458 1235 1504 Clusinas,
1256 1471 1387 1508 quum,

245 1523 273 1541 “
302 1519 454 1556 ordines
473 1519 511 1555 in
530 1531 616 1556 meo
636 1519 810 1556 exercitu
828 1519 1018 1558 beneficio
1037 1531 1113 1555 non
1133 1518 1272 1556 virtute
1292 1532 1383 1556 con-

247 1584 274 1602 “
301 1579 437 1625 secuti,
457 1580 509 1616 ita
527 1592 593 1616 vos
612 1579 818 1629 gesseritis,
839 1586 881 1616 ut
908 1592 1033 1629 neque
1051 1579 1150 1616 bello
1170 1579 1303 1626 fortes,
1322 1593 1389 1619 ne-

246 1645 274 1663 “
303 1653 376 1691 que
396 1653 490 1690 pace
508 1639 599 1677 boni
619 1646 684 1676 aut
704 1639 828 1685 utiles,
848 1639 1009 1685 fueritis,
1036 1646 1074 1677 et
1093 1640 1212 1689 magis
1231 1640 1268 1677 in
1288 1641 1387 1678 sedi-

247 1706 273 1724 “
300 1701 405 1739 tione
421 1700 734 1750 concitandisque
749 1699 930 1737 militibus
945 1700 1124 1737 adversus
1137 1708 1302 1737 vestrum
1319 1702 1387 1738 im-

245 1766 272 1784 “
299 1768 528 1812 peratorem,
549 1773 662 1810 quam
677 1760 833 1810 pudoris
848 1761 1132 1810 modestiaeque
1149 1760 1295 1798 fueritis
1310 1769 1388 1798 stu-

247 1828 273 1845 “
301 1822 507 1864 diosiores;
541 1821 716 1871 indignos
743 1834 810 1858 vos
841 1834 922 1858 esse
947 1822 1121 1866 arbitror,
1148 1821 1215 1871 qui
1242 1822 1279 1859 in
1299 1835 1385 1859 meo

246 1885 272 1904 “
300 1880 475 1917 exercitu
494 1880 646 1917 ordines
661 1879 823 1926 ducatis,
843 1881 1051 1931 missosque
1067 1880 1180 1926 facio,
1200 1889 1252 1928 et,
1266 1895 1386 1932 quan-

246 1947 272 1964 “
300 1949 381 1978 tum
400 1948 542 1991 potest,
566 1941 699 1978 abesse
718 1954 767 1978 ex
790 1941 923 1978 Africa
938 1943 1099 1991 jubeo.''
1153 1942 1288 1992 Itaque
1310 1950 1386 1980 tra-

244 2003 341 2039 didit
369 2015 433 2038 eos
453 2001 762 2044 centurionibus;
794 2009 833 2039 et
852 2003 1009 2052 singulis
1034 2016 1109 2039 non
1129 2004 1289 2054 amplius
1309 2004 1385 2041 sin·

244 2064 354 2113 gulos
383 2062 532 2100 additos
560 2074 687 2099 servos
719 2063 758 2099 in
785 2063 870 2100 navi
905 2063 1153 2113 imponendos
1185 2065 1387 2115 separatim

246 2123 404 2161 curavit.

296 2183 380 2220 LV.
434 2182 590 2220 Gaetuli
616 2183 766 2220 interim
792 2184 989 2234 perfugae,
1023 2198 1116 2235 quos
1150 2199 1235 2223 cum
1270 2185 1388 2223 literis

244 2243 507 2294 mandatisque
537 2256 559 2281 a
589 2244 752 2281 Caesare
785 2245 917 2283 missos
949 2259 1062 2296 supra
1093 2246 1304 2291 docuimus,
1336 2246 1384 2283 ad

244 2317 331 2344 suos
358 2304 458 2342 cives
477 2304 704 2355 perveniunt
721 2319 729 2341 :
763 2319 923 2356 quorum
944 2307 1174 2344 auctoritate
1193 2306 1303 2344 facile
1322 2305 1386 2343 ad-
