1472 2664
211 272 279 308 148
641 271 692 306 A.
734 270 911 307 HIRTII

209 373 361 425 pinquis
380 373 512 410 castris
533 372 569 410 in
585 373 706 411 aciem
723 373 940 411 exercitum
960 372 1107 410 eduxit.
1146 384 1276 409 xxxvi
1296 371 1351 409 le÷

207 432 363 481 gionem
381 433 418 469 in
439 433 577 470 dextro
593 446 713 470 cornu
729 434 945 479 collocavit,
967 433 1165 470 Ponticam
1187 433 1224 470 in
1244 433 1352 470 sinis-

207 499 290 536 tro;
309 493 483 544 Dejotari
503 495 676 544 legiones
697 494 733 530 in
755 495 917 531 mediam
933 495 1053 531 aciem
1071 495 1248 538 contulit,
1268 494 1352 544 qui-

207 553 280 591 bus
295 562 422 592 tamen
439 556 748 604 angustissimum
770 556 904 592 frontis
921 556 1076 605 reliquit
1097 555 1351 599 intervallum,

207 616 363 666 reliquis
383 617 605 654 cohortibus
627 617 662 653 in
683 617 860 654 subsidiis
881 617 1090 653 collocatis.
1149 616 1212 653 Sic
1234 617 1355 653 utrin-

209 689 284 726 que
300 680 382 714 acie
403 678 602 722 instructa,
623 690 843 728 processum
865 685 922 714 est
937 678 984 714 ad
1006 678 1279 714 dimicandum.

260 738 345 775 XL.
384 739 503 788 Signo
520 740 589 775 sub
608 739 707 775 idem
728 746 878 792 tempus
895 739 941 775 ab
957 746 1120 788 utroque
1136 739 1242 783 (lato,
1264 751 1355 776 con-

209 800 396 837 curritur:
426 799 566 836 acriter
585 800 764 850 varieque
797 807 1014 849 pugnatur:
1042 812 1128 836 nam
1150 812 1276 836 xxxw
1298 800 1351 836 le-

209 860 287 909 gio,
318 873 435 910 quum
456 867 567 897 extra
587 859 727 897 fossam
747 860 784 896 in
804 860 1017 909 equitatum
1046 860 1146 909 regis
1168 861 1352 911 impetum

209 919 378 966 fecisset,
407 921 504 958 adeo
523 922 735 959 secundum
755 922 941 971 proelium
962 921 1067 965 fecit,
1094 929 1135 958 ut
1154 921 1354 958 moenibus

209 981 341 1031 oppidi
375 982 616 1027 succederet,
649 982 866 1032 fossamque
898 982 1091 1026 transiret,
1129 994 1358 1032 aversosque

208 1043 337 1080 hostes
358 1043 647 1093 aggrederetur.
702 1044 757 1079 At
777 1042 939 1080 Pontica
961 1056 1010 1079 ex
1030 1042 1150 1079 altera
1176 1051 1284 1093 parte
1304 1043 1357 1080 le·

209 1105 287 1154 gio,
307 1119 423 1155 quum
443 1105 654 1155 paullulum
670 1116 801 1142 aversa
816 1104 991 1141 hostibus
1007 1104 1197 1149 cessisset,
1217 1103 1356 1141 fossam

208 1173 337 1203 autem
357 1166 561 1204 circumire
586 1166 736 1215 [acies]
761 1165 932 1203 secundo
953 1173 1092 1202 conata
1110 1172 1225 1210 esset,
1259 1172 1301 1202 ut
1320 1178 1359 1202 a·

207 1234 319 1278 perto
333 1227 452 1264 latere
472 1227 749 1277 aggrederetur
765 1227 930 1269 hostem,
952 1225 987 1262 in
1004 1226 1084 1276 ipso
1105 1226 1267 1263 transitu
1284 1225 1357 1263 fos-

209 1301 274 1325 sae
301 1288 455 1325 confixa
480 1296 519 1325 et
546 1300 727 1338 oppressa
742 1294 824 1324 est:
866 1286 1042 1336 Dejotari
1069 1300 1159 1323 vero
1186 1286 1358 1335 legiones

207 1349 273 1386 vix
295 1349 478 1399 impetum
499 1349 774 1386 sustinuerunt.
825 1347 882 1384 Ita
902 1346 1081 1383 victrices
1103 1345 1358 1396 regis-copiae

208 1423 328 1447 cornu
350 1423 419 1446 suo
440 1410 593 1454 dextro,
614 1408 816 1459 mediaque
835 1407 932 1452 acie,
957 1404 1229 1444 converterunt
1249 1419 1288 1443 se
1309 1406 1359 1444 ad

208 1483 340 1508 xxxw
360 1470 576 1520 legionem:
605 1482 702 1520 quae
722 1476 851 1507 tamen
867 1468 1018 1506 fortiter
1037 1466 1274 1505 vincentium
1291 1467 1360 1503 im·

208 1539 343 1582 petum
366 1532 570 1574 sustinuit;
597 1531 746 1581 magnis
773 1529 893 1581 copiis
912 1529 1078 1566 hostium
1109 1528 1358 1572 circumdata,

209 1592 519 1644 praesentissimo
537 1590 665 1628 animo
684 1603 861 1642 pugnans
878 1590 914 1626 in
935 1590 1066 1626 orbem
1083 1601 1123 1625 se
1144 1588 1290 1638 recepit
1308 1587 1358 1624 ad
1396 1626 1399 1628 ,

208 1654 359 1691 radices
374 1653 576 1697 montium,
596 1665 671 1702 quo
693 1651 910 1689 Pharnaces
927 1649 1087 1699 insequi,
1107 1656 1266 1699 propter
1284 1648 1356 1685 ini-

210 1715 394 1764 quitatem
415 1713 503 1759 loci,
523 1713 657 1750 noluit.
712 1712 784 1757 Ita,
806 1710 967 1749 Pontica
987 1710 1139 1760 legione
1158 1722 1280 1759 paene
1299 1716 1358 1747 to-

210 1784 249 1813 ta
278 1775 429 1819 amissa,
461 1787 601 1824 magna
627 1782 736 1825 parte
756 1772 932 1823 Dejotari
959 1770 1120 1808 militum
1142 1770 1359 1817 interfecta,

210 1847 339 1872 xxxvl
360 1836 462 1885 legio
476 1835 513 1872 in
534 1835 619 1872 loca
637 1848 677 1872 se
692 1834 888 1885 superiora
908 1832 1084 1876 contulit,
1105 1844 1180 1868 non
1197 1830 1359 1880 amplius

211 1907 287 1932 ch
307 1895 545 1932 desideratis·
601 1895 839 1933 Ceciderunt
858 1907 904 1931 eo
924 1893 1070 1943 proelio
1090 1891 1278 1941 splendidi
1299 1900 1357 1929 at-

212 1969 287 2006 quc
308 1957 472 1993 illustres
491 1955 559 1992 viri
571 1949 769 2000 nonnulli,
791 1955 939 2005 equites
961 1952 1136 1990 Romani.
1191 1954 1278 1993 Quo
1302 1959 1357 1989 ta-

211 2030 299 2054 men
315 2017 559 2054 incommodo
580 2017 772 2055 Domitius
787 2022 950 2065 accepto
971 2014 1148 2064 reliquias
1164 2014 1361 2050 exercitus

211 2079 381 2129 dissipati
398 2079 568 2129 collegit,
589 2077 865 2127 itineribusque
881 2076 973 2113 tutis
987 2088 1056 2126 per
1072 2074 1357 2125 Cappadociam

211 2153 252 2178 se
271 2140 308 2176 in
331 2139 467 2177 Asiam
487 2139 647 2190 recepit.

263 2201 370 2238 XLI.
424 2201 656 2245 Pharnaces,
677 2200 790 2238 rebus
809 2198 987 2235 secundis
1007 2197 1144 2241 elatus,
1173 2209 1288 2246 quum
1310 2195 1358 2233 de

213 2263 378 2300 Caesare
397 2274 456 2307 ea,
477 2275 574 2312 quae
594 2261 766 2312 optabat,
792 2267 977 2310 speraret,
1000 2258 1164 2295 Pontum
1185 2258 1361 2295 omnibus

213 2323 334 2374 copiis
362 2322 586 2373 occupavit:
620 2322 763 2372 ibique,
791 2329 830 2359 et
855 2321 991 2366 vietor,
1010 2327 1049 2357 et
1075 2319 1360 2358 crudelissimus
