1472 2664
548 277 713 316 LIBER
765 279 797 316 Ι.
1191 283 1217 318 9

74 380 122 419 ad
150 379 317 426 Iberum,
347 380 538 431 milliaque
567 393 744 431 passuum
773 394 795 418 a
823 382 956 419 castris
989 381 1120 419 aberat
1150 393 1216 419 xx.

75 442 141 478 Ad
160 454 246 479 eum
265 441 390 478 locum
415 441 596 486 fluminis,
628 442 785 479 navibus
799 443 943 491 junctis
962 449 1117 492 pontem
1146 441 1215 478 im-

73 509 206 551 perant
225 501 330 544 fieri;
357 501 604 552 legionesque
625 513 656 538 11
677 502 820 539 flumen
851 502 1015 539 Sicorim
1034 501 1211 539 transdu-

72 570 178 609 cunt,
208 569 409 612 castraque
428 563 604 599 muniunt
623 563 721 599 vallo
751 562 891 612 pedum
911 574 987 599 xri.

123 623 251 659 LXII.
304 623 390 664 Qua
409 635 449 659 re
478 636 546 673 per
574 623 837 673 exploratores
866 623 1035 672 cognita,
1066 635 1214 660 summo

71 683 201 720 labore
228 683 389 720 militum
419 683 572 728 Caesar,
603 683 826 719 continuato
855 682 955 719 diem
984 690 1214 733 noctemque

73 755 190 793 opere
210 743 244 779 in
265 743 421 780 flumine
439 742 659 788 avertendo,
687 733 766 779 huc
789 744 869 791 jam
888 742 1102 779 deduxerat
1121 755 1215 789 rem,

73 811 116 840 ut
134 804 297 854 equites,
325 804 396 841 etsi
415 803 616 840 difficulter
635 810 750 852 atque
769 815 884 852 aegre
909 802 1040 847 fiebat,
1058 810 1216 853 possent

72 871 199 901 tamen
219 871 332 914 atque
351 863 536 901 auderent
565 863 707 900 flumen
737 863 922 906 transire;
949 862 1098 912 pedites
1127 869 1216 900 vero

72 924 336 968 tantummodo
356 923 523 961 humeris
541 936 586 960 ac
607 936 754 960 summo
773 931 931 973 pectore
961 931 1127 968 exstare,
1162 930 1216 969 et,

72 996 193 1035 quum·
210 984 412 1022 altitudine
431 996 572 1033 aquae,
593 990 673 1020 tum
694 983 808 1020 etiam
827 982 1030 1033 rapiditate
1049 983 1218 1020 fluminis

74 1044 123 1081 ad
141 1044 414 1081 transeundum
439 1045 562 1092 [non]
588 1043 874 1094 impedirentur.
912 1042 989 1080 Sed
1005 1050 1130 1080 tamen
1151 1055 1216 1080 eo·

72 1104 159 1141 dem
178 1105 259 1142 fere
278 1111 450 1155 tempore
469 1117 564 1154 pons
583 1104 622 1140 in
642 1104 754 1141 Ibero
782 1116 901 1154 prope
932 1103 1089 1140 effectus
1116 1117 1216 1141 nun-

71 1164 256 1210 ciabatur,
277 1172 317 1201 et
335 1166 373 1202 in
395 1164 519 1202 Sicori
538 1165 676 1202 vadum
695 1164 968 1215 reperiebatur.

125 1223 274 1261 LX111.-
328 1224 417 1262 Jam
445 1237 535 1262 vero
555 1236 602 1261 eo
630 1224 749 1274 magis
770 1224 821 1260 illi
848 1224 1113 1261 maturandum
1143 1224 1214 1262 iter

70 1284 353 1322 existimabann
394 1284 543 1335 Itaque,
565 1296 598 1320 11
616 1284 862 1321 auxiliaribus
879 1284 1100 1322 cohortibus
1123 1285 1215 1322 ller-

70 1345 144 1382 dae
163 1344 353 1395 praesidio
372 1345 529 1390 relictis,
550 1344 725 1382 omnibus
744 1344 864 1394 copiis
886 1344 1049 1381 Sicorim
1067 1353 1213 1382 transe-

72 1411 158 1449 unt,
179 1412 219 1442 et
249 1414 336 1442 cum
356 1416 390 1441 11
422 1404 650 1454 legionibus,
679 1416 772 1455 quas
791 1404 1051 1455 superioribus
1080 1404 1216 1442 diebus

71 1466 382 1511 transduxerant,
432 1473 557 1503 castra
592 1467 846 1515 conjungunt.
911 1464 1217 1516 Relinquebatur

71 1526 226 1564 Caesari
245 1525 352 1571 nihil,
385 1525 456 1563 nisi
478 1525 533 1562 uti
552 1526 726 1576 equitatu
753 1537 890 1576 agmen
910 1525 1216 1563 adversariorum

69 1586 168 1623 male
187 1586 359 1632 haberet,
388 1591 428 1622 et
447 1593 645 1635 carperet:
673 1599 768 1636 pons
783 1586 884 1623 enim
905 1586 1021 1635 ips'ius
1034 1590 1215 1637 magnum

70 1646 271 1683 circuitum
290 1645 470 1690 habebat,
490 1653 532 1682 ut
550 1646 670 1683 multo
689 1646 863 1683 breviore
883 1646 1019 1684 itinere
1038 1646 1091 1684 illi
1111 1647 1158 1684 ad
1178 1647 1215 1683 1-

67 1707 200 1744 berum
221 1705 420 1756 pervenire
439 1713 607 1756 possent.
645 1699 804 1756 Equites
818 1707 864 1744 ab
885 1719 931 1743 eo
952 1706 1054 1744 missi
1073 1706 1216 1744 flumen

69 1773 282 1813 transeunt,
307 1774 359 1812 et,
392 1779 508 1817 quum
528 1767 576 1804 de
595 1767 709 1804 tertia
740 1767 868 1816 vigilia
893 1766 1069 1805 Petreius
1098 1774 1214 1817 atque

70 1827 254 1865 Afranius
287 1833 412 1864 castra
440 1827 659 1872 movissent,
690 1833 848 1877 repente
874 1839 957 1864 sese
976 1828 1024 1865 ad
1057 1827 1214 1864 novissi-

67 1901 174 1925 mum
205 1899 343 1938 agmen
370 1887 602 1929 ostendunt3
634 1894 686 1932 et,
714 1899 854 1937 magna
879 1887 1121 1925 multitudine
1141 1888 1213 1926 cir-

71 1947 256 1993 cumfusa,
281 1947 421 1984 morari
440 1954 556 1997 atque
575 1947 647 1984 iter
666 1947 850 1998 impedire
871 1947 1070 1998 incipiunt.

120 2007 264 2045 LXIV.
306 2007 434 2044 Prima
447 2005 533 2044 I'uce
547 2020 596 2044 ex
611 2007 870 2058 superioribus
882 2008 989 2053 locis,
1006 2021 1103 2059 quae
1117 2007 1214 2047 Cae-

68 2069 161 2106 saris
190 2067 325 2106 castris
356 2072 466 2106 erant
499 2069 720 2118 conjuncta,
751 2070 993 2115 cernebatur,
1023 2069 1216 2120 equitatus

69 2128 190 2166 nostri
223 2129 369 2178 proelio
388 2128 610 2166 novissimos
636 2129 786 2167 illorum
814 2129 934 2179 premi
954 2129 1216 2176 veliementer,

71 2201 118 2227 ac
148 2201 423 2240 nonnunquam
453 2189 640 2227 sustinere
672 2195 887 2226 extremum
918 2202 1070 2239 agmen,
1099 2198 1215 2241 atque

73 2249 322 2300 interrumpi:
356 2249 449 2287 alias
478 2249 608 2286 inferri
636 2249 758 2300 signa,
791 2257 831 2287 et
862 2250 1121 2288 universarum
1150 2263 1216 2288 co-

69 2310 236 2351 hortium
257 2309 403 2360 impetu
421 2316 570 2348 nostros
588 2309 765 2360 propelli,
789 2310 877 2347 dein
897 2323 1026 2348 rursus
1056 2323 1213 2349 conver-

153 2369 259 2412 rom,
286 2369 340 2407 11.
630 2369 662 2405 B
