1472 2664
238 244 314 281 160
675 244 725 280 A.
768 243 946 281 HlRTII

234 345 306 392 nis,
332 342 553 396 Longinum
586 358 669 384 esse
702 346 740 383 in
774 346 875 393 odio,
905 358 1030 396 neque
1062 358 1103 383 se
1133 351 1380 391 conventum,

234 419 361 457 neque
379 407 437 443 M.
462 407 704 452 Marcellum,
734 415 869 445 contra
889 407 1063 445 Caesaris
1082 419 1254 444 caussam
1274 419 1384 458 posse

233 467 463 518 perducere,
500 481 639 506 nomen
672 468 844 519 Pompeii
873 481 922 505 ex
956 468 1076 505 scutis
1109 468 1386 511 detraxerunt;

233 527 480 575 Marcellum,
501 529 565 580 qui
585 542 625 566 se
642 529 816 567 Caesaris
836 542 1008 568 caussam
1028 529 1274 566 defensurum
1294 541 1383 579 pro-

233 588 432 635 fitebatur,
465 591 603 628 ducem
623 590 881 636 adsciverunt,
903 597 1196 641 praetoremque
1216 589 1384 640 appella-

235 658 347 693 runt;
376 658 416 687 et
445 659 678 689 conventum
696 652 767 693 sibi
799 652 1074 702 adjunxerunt,
1104 658 1304 700 castraque
1337 649 1387 687 ad

235 709 456 747 Cordubam
475 720 698 761 posuerunt.
764 712 917 750 Cassius
949 725 996 750 eo
1015 712 1132 749 biduo
1151 711 1306 749 circiter
1337 720 1385 746 lv

231 770 350 808 millia
368 784 548 822 passuum
567 785 589 810 a
609 772 804 818 Corduba,
838 773 934 810 citra
964 772 1108 809 flumen
1144 770 1309 815 Baetim,
1344 769 1383 806 in

234 831 366 882 oppidi
386 840 613 883 conspectu,
633 833 719 870 loco
739 833 895 871 excelso
911 833 1004 870 facit
1023 840 1172 875 castra3
1192 832 1322 869 literas
1335 831 1386 868 ad

233 904 363 942 regem
385 892 587 943 Bogudem
607 893 645 930 in
664 893 950 939 Mauritaniam,
979 900 1017 930 et
1041 894 1091 930 ad
1111 893 1168 930 M.
1189 892 1382 943 Lepidum

235 954 506 1003 proconsulem
523 953 560 990 in
576 954 802 1005 Hispaniam
819 954 1051 999 citeriorem,
1068 954 1198 999 mittit,
1215 953 1385 992 subsidio

237 1013 307 1050 sibi
327 1014 625 1065 provinciaeque
646 1015 820 1052 Caesaris
847 1027 980 1052 caussa
999 1026 1113 1064 quam
1132 1014 1296 1064 primum
1323 1026 1387 1052 ve-

235 1074 359 1112 niret:
389 1075 469 1126 ipse
495 1075 623 1114 hostili
652 1076 767 1113 modo
789 1076 1094 1114 Cordubensium
1114 1087 1228 1125 agros
1246 1082 1385 1122 vastat,

237 1136 413 1174 aedificia
432 1137 617 1175 incendit.

284 1197 370 1234 LX.
426 1198 545 1248 Cujus
578 1198 633 1235 rei
653 1198 896 1236 deformitate
923 1205 1040 1249 atque
1070 1197 1297 1248 indignitate
1327 1197 1382 1234 le-

234 1258 383 1310 giones,
406 1272 504 1310 quae
517 1259 749 1297 Marcellum
768 1259 839 1297 sibi
859 1260 996 1297 ducem
1011 1267 1207 1310 ceperant,
1226 1259 1275 1297 ad
1294 1271 1383 1296 eum

235 1328 528 1366 concurrerunt,
548 1328 591 1357 ut
610 1321 649 1357 in
663 1320 785 1358 aciem
801 1320 1072 1365 educerentur,
1092 1319 1274 1370 priusque
1294 1332 1386 1357 con-

235 1381 396 1433 fligendi
415 1381 484 1419 sibi
501 1388 672 1432 potestas
686 1381 810 1427 fieret,
831 1394 944 1432 quam
961 1394 1047 1419 cum
1062 1388 1168 1418 tanta
1184 1387 1385 1418 contume-

232 1442 284 1478 lia
297 1441 553 1479 nobilissimae
568 1441 863 1492 carissimaeque
876 1442 1136 1492 possessiones
1156 1441 1384 1479 Corduben-

233 1501 330 1539 sium
351 1502 389 1538 in
407 1509 618 1552 conspectu
638 1515 707 1539 suo
724 1502 878 1553 rapinis,
898 1502 1014 1548 ferro,
1033 1502 1276 1554 flammaque,
1293 1515 1385 1540 con-

235 1571 488 1601 sumerentur.
555 1562 781 1608 Marcellus,
823 1577 940 1614 quum
970 1563 1181 1614 confligere
1218 1563 1383 1601 miserri-

234 1637 339 1661 mum
370 1631 537 1675 putaret,
566 1625 671 1674 quod
700 1632 739 1661 et
758 1624 914 1662 victoris
943 1632 983 1662 et
1001 1625 1092 1662 victi
1111 1624 1385 1663 detrimentum

233 1685 281 1721 ad
318 1685 482 1722 eundem
523 1684 727 1722 Caesarem
771 1692 873 1722 essct
901 1685 1218 1730 redundaturum,
1257 1697 1384 1735 neque

234 1758 326 1783 suae
356 1745 556 1796 potestatis
585 1758 682 1792 csse,
710 1746 882 1796 legiones
903 1746 1052 1783 Baetim
1072 1746 1298 1791 transducit,
1326 1753 1384 1782 at-

235 1819 310 1857 que
339 1805 461 1843 aciem
481 1806 645 1844 instruit.
701 1808 828 1848 Quum
849 1807 1021 1844 Cassium
1056 1815 1190 1844 contra
1218 1819 1287 1857 pro
1306 1806 1385 1843 suis

234 1866 368 1904 castris
386 1866 508 1903 aciem
524 1867 750 1905 instruxisse
769 1867 855 1905 loco
875 1868 1071 1918 superiore
1090 1868 1253 1913 videret,
1273 1879 1384 1904 caus-

234 1939 276 1964 sa
308 1926 546 1976 interposita,
575 1928 680 1977 quod
710 1928 798 1965 isin
817 1941 982 1979 aequum
1002 1941 1078 1965 non
1115 1927 1384 1973 descenderet,

235 1987 447 2025 Marcellus
477 1988 660 2026 militibus
692 1989 912 2040 persuadet,
941 1996 983 2026 ut
1010 2001 1050 2026 se
1083 1988 1121 2024 in
1141 1996 1266 2026 castra
1284 1988 1383 2025 reci-

235 2049 353 2099 piant.
407 2049 545 2098 Itaque
562 2049 689 2099 copias
709 2050 894 2087 reducere
914 2049 1054 2100 coepit.
1109 2049 1277 2094 Cassius,
1306 2061 1385 2099 quo

235 2110 337 2147 bono
356 2109 521 2154 valebat,
551 2110 861 2161 Marcellumque
888 2111 1078 2148 infirmum
1111 2123 1194 2148 esse
1223 2111 1384 2157 sciebat,

235 2181 439 2219 aggressus
467 2169 641 2219 equitatu
671 2170 902 2219 legionarios
930 2184 971 2208 se
1007 2171 1249 2221 recipientes,
1278 2182 1383 2207 com-

232 2230 362 2280 plures
381 2230 604 2267 novissimos
625 2230 662 2267 in
692 2230 859 2268 fluminis
878 2231 968 2281 ripis
1001 2231 1195 2269 interficit.
1248 2233 1380 2273 Quum

233 2291 308 2329 hoc
327 2290 573 2339 detrimento,
594 2292 688 2342 quid
703 2292 883 2331 transitus
898 2293 1066 2331 fluminis
1080 2292 1161 2331 vitii
1180 2292 1381 2331 difficulta-
