1472 2664
270 272 346 309 163
709 274 756 309 A.
798 269 977 309 HIRTII

263 379 307 410 ut
326 372 364 410 in
383 373 498 425 plano
517 373 618 421 loco,
637 374 728 412 satis
745 376 935 413 munitum
951 389 960 411 :
989 373 1156 412 tumulus
1176 372 1276 410 enim
1296 381 1406 411 natu=

263 433 365 479 ralis,
384 434 500 472 veluti
520 448 633 472 manu
655 435 791 482 factus,
820 436 1032 474 excelsiore
1053 435 1222 484 undique
1240 435 1405 484 fastigio,

262 496 427 533 sustinet
447 508 609 533 murum.
644 497 915 547 Circumpositi
930 504 1018 534 sunt
1038 495 1127 533 huic
1143 495 1285 546 oppido
1301 508 1406 546 mag-

261 557 301 594 ni
320 557 521 608 multique,
543 557 712 595 intercisi
732 558 906 604 vallibus,
927 557 1067 596 colles:
1097 570 1256 608 quorum
1276 556 1406 594 editis-

262 617 379 655 simus
399 631 509 664 unus,
531 618 608 669 qui,
628 627 786 670 propter
805 619 1003 657 victoriam
1026 617 1273 663 Mithridatis,
1293 625 1332 655 et
1351 617 1407 654 in-

260 678 485 716 felicitatem
506 680 657 727 Triarii,
684 680 1033 730 detrimentumque
1060 679 1254 716 exercitus
1274 678 1407 724 nostri,

262 740 520 790 superioribus
549 741 644 778 locis
665 749 780 791 atque
811 741 1008 778 itineribus
1036 752 1157 791 paene
1178 741 1406 789 conjunctus

262 800 419 851 oppido,
452 814 629 851 magnam
650 802 688 838 in
714 801 786 838 illis
805 802 977 852 partibus
1005 801 1122 838 habet
1141 800 1403 844 nobilitat01n3

260 873 333 898 nec
353 861 473 897 multo
503 861 654 912 longius
673 862 838 899 millibus
866 874 1045 912 passuum
1066 873 1117 898 111
1138 862 1245 899 abest
1265 861 1311 898 ab
1332 861 1405 898 Ze-

259 922 307 959 la.
364 921 482 959 Hunc
508 922 635 959 locum
665 922 897 968 Pharnaces,
930 921 1124 959 veteribus
1155 928 1403 972 paternorum

261 982 431 1021 felicium
461 991 673 1022 castrorum
693 983 847 1021 refectis
867 983 1060 1034 operibus,
1089 981 1209 1033 copiis
1228 982 1304 1020 suis
1323 995 1403 1020 om-

260 1044 372 1081 nibus
399 1044 614 1095 occupavit.

310 1104 498 1141 LXXIII.
554 1105 711 1151 Caesar,
740 1118 855 1156 quum
876 1106 923 1142 ab
952 1104 1062 1141 hoste
1084 1103 1201 1141 millia
1227 1116 1404 1155 passuum

262 1178 287 1202 v
307 1173 433 1203 castra
451 1166 653 1216 posuisset,
674 1166 901 1217 videretque
921 1178 984 1202 eas
997 1165 1128 1211 valles,
1148 1165 1287 1215 quibus
1301 1165 1407 1215 regia

260 1234 386 1264 castra
404 1227 660 1273 munirentur,
679 1226 816 1264 eodem
835 1225 1036 1264 intervallo
1051 1237 1120 1263 sua
1138 1234 1262 1264 castra
1280 1226 1405 1264 muni-

259 1295 377 1332 turas,
409 1287 439 1325 si
458 1286 574 1324 modo
594 1299 640 1324 ea
666 1287 752 1325 loca
778 1287 908 1324 hostes
928 1287 1072 1338 priores
1100 1299 1178 1324 non
1197 1287 1405 1338 cepissent,

258 1360 356 1399 quae
389 1348 510 1385 multo
541 1355 650 1386 erant
683 1348 862 1398 propiora
893 1348 994 1399 regis
1027 1347 1185 1390 castris;
1221 1360 1404 1399 aggerem

257 1409 490 1459 comportari
523 1409 635 1459 jubet
662 1409 762 1447 intra
795 1409 1038 1446 munitiones.
1105 1409 1192 1450 Quo
1225 1408 1405 1446 celeriter

258 1470 413 1517 collato,
433 1470 607 1521 proxima
623 1478 751 1517 nocte,
771 1470 901 1520 vigilia
919 1477 1066 1521 quarta,
1085 1469 1302 1520 legionibus
1322 1482 1402 1506 om-

264 1531 377 1568 nibus
406 1531 610 1582 expeditis,
641 1530 1000 1581 impedimentisque
1020 1530 1058 1567 in
1086 1531 1221 1568 castris
1248 1530 1403 1577 relictis,

261 1585 382 1643 prirn'a
402 1592 502 1638 luce,
534 1604 660 1643 neque
679 1591 925 1642 opinantibus
943 1591 1131 1637 hostibus,
1164 1603 1250 1629 eum
1279 1591 1405 1641 ipsum

266 1653 393 1690 locum
416 1652 533 1703 cepit,
566 1653 603 1689 in
625 1666 700 1703 quo
720 1651 968 1689 Mithridates
985 1651 1195 1689 secundum
1215 1650 1404 1701 proelium

259 1714 440 1752 adversus
470 1713 659 1750 Triarium
687 1713 842 1751 fecerat·
898 1712 990 1750 Huc
1015 1724 1167 1749 omnem
1187 1718 1402 1762 comporta-

256 1782 337 1811 tum
357 1786 538 1825 aggerem
554 1787 575 1812 e
591 1774 724 1812 castris
742 1773 896 1811 servitia
913 1780 1086 1824 agerent,
1101 1773 1227 1823 jussit,
1246 1785 1296 1810 ne
1315 1772 1398 1823 quis

255 1837 303 1873 ab
324 1848 440 1887 opere
468 1835 575 1872 miles
596 1834 824 1880 discederet,
854 1847 971 1885 quum
990 1834 1114 1885 spatio
1141 1846 1217 1871 non
1237 1834 1400 1884 amplius

255 1897 358 1934 mille
378 1909 554 1947 passuum
574 1895 754 1933 intercisa
766 1895 874 1933 vallis
886 1903 1011 1933 castra
1025 1895 1190 1933 hostium
1210 1894 1398 1933 divideret

254 1958 302 1995 ab
323 1971 438 2008 opere
458 1957 614 2008 incepto
646 1957 818 1995 Caesaris
839 1963 1065 1995 castrorum.

305 2018 487 2055 LXXIV.
541 2018 773 2064 Pharnaces,
793 2031 909 2069 quum
929 2018 968 2055 id
993 2026 1153 2069 repente
1170 2017 1292 2069 prima
1310 2017 1397 2056 luce

256 2079 600 2124 animadvertisset,
633 2078 762 2129 copias
792 2091 878 2116 suas
911 2091 1044 2116 ornnes
1074 2092 1143 2130 pro
1175 2079 1313 2117 castris
1342 2079 1400 2116 in-

255 2140 418 2183 struxit;
448 2153 555 2190 quas,
589 2139 814 2190 interposita
845 2148 952 2178 tanta
976 2141 1149 2178 locorum
1183 2140 1399 2191 iniquitate,

255 2201 533 2238 consuetudine
560 2201 680 2251 magis
698 2201 924 2251 pervulgata
950 2201 1104 2238 militari
1132 2201 1313 2239 credebat
1340 2201 1397 2238 in·

253 2261 347 2298 strui
369 2261 523 2307 Caesar,
541 2261 601 2298 vel
620 2260 668 2298 ad
688 2274 784 2311 opus
811 2275 921 2299 suum
942 2261 1183 2307 tardandum,
1217 2274 1292 2311 quo
1312 2261 1397 2311 plu-

256 2334 317 2360 res
336 2322 374 2360 in
393 2321 506 2360 armis
535 2329 774 2369 tenerentur,
806 2322 866 2360 vel
885 2322 934 2361 ad
953 2322 1248 2361 ostentati0nem
1267 2321 1397 2373 regiae
