1472 2664
223 254 274 288 38
555 249 630 287 DE
671 250 850 288 BELLO
893 250 1061 288 CIVILI

225 360 308 390 crat
327 365 428 390 usus.
474 352 547 389 His
568 353 669 390 domi
690 354 738 390 ob
758 354 825 391 has
845 366 996 392 caussas
1015 353 1263 403 amplissimos
1283 367 1360 392 ma-

223 413 403 463 gistratus
422 414 680 458 mandaverat,
707 421 822 464 atque
841 427 907 451 eos
926 422 1035 452 extra
1054 414 1225 451 ordinem
1246 415 1283 452 in
1303 428 1361 451 ser

223 482 353 511 natum
369 475 551 524 legendos
568 483 783 512 curaverat:
805 487 991 526 agrosque
1007 476 1042 512 in
1060 474 1199 521 Gallia,
1213 488 1260 512 ex
1277 475 1363 512 lios-

221 535 322 571 tibus
349 543 494 586 captos,
523 535 768 586 praemiaque
788 536 840 572 rei
865 535 1107 585 pecuniariae
1134 549 1272 586 magna
1300 536 1364 574 tri-

220 596 369 641 buerat,
385 597 674 647 locupletesque
689 610 738 633 ex
754 597 955 649 egentibus
969 597 1126 634 fecerat.
1159 596 1228 641 Hi,
1248 610 1362 647 prop—

220 664 279 695 ter
299 657 492 702 virtutem,
520 671 594 694 non
615 657 738 694 solum
757 658 858 708 apud
877 658 1078 695 Caesarem
1101 658 1137 694 in
1158 657 1302 695 honore
1322 671 1361 695 e·

219 727 318 764 rant,
338 719 406 756 sed
425 719 538 756 etiarn
554 719 655 769 apud
670 719 883 756 exercitum
901 718 977 756 cari
997 719 1256 755 habebantur:
1278 718 1359 763 sed,

218 779 306 817 freti
326 780 494 817 amicitia
514 779 698 824 Caesaris,
732 788 770 816 et
790 779 906 816 stulta
925 792 969 816 ac
994 780 1155 816 barbara
1180 790 1360 828 arrogan-

219 840 273 877 tia
298 840 400 885 elati,
433 840 695 890 despiciebant
725 852 826 884 suos,
855 839 1163 890 stipendiumque
1191 840 1360 889 equitum

217 900 458 945 fraudabant,
492 908 530 938 et
560 901 738 951 praedam
768 914 918 938 omnem
940 901 1094 937 domum
1126 901 1361 938 avertebant.

219 962 369 1003 Quibus
389 961 439 998 illi
461 963 573 999 rebus
590 962 750 1012 permoti
767 961 929 999 universi
947 962 1148 999 Caesarem
1169 962 1359 1008 adierunt,

217 1022 420 1072 palamque
440 1022 488 1059 de
508 1035 640 1058 eorum
660 1021 804 1071 injuriis
823 1029 912 1058 sunt
931 1022 1078 1072 questi;
1105 1030 1143 1058 et
1163 1022 1210 1059 ad
1230 1030 1360 1060 cetera

217 1082 461 1126 addiderunt,
489 1081 624 1118 falsum
645 1082 691 1118 ab
712 1082 769 1118 bis
788 1082 958 1132 equitum
979 1095 1179 1119 numerum
1199 1082 1354 1129 deferri,

218 1156 381 1194 quorum
401 1142 633 1193 stipendium
653 1150 883 1180 averterent.

269 1204 354 1241 LX.
410 1205 564 1249 Caesar,
593 1216 717 1253 neque
737 1211 887 1253 tempus
907 1203 999 1241 illud
1024 1204 1360 1243 animadversionis

217 1277 300 1303 esse
313 1265 549 1309 existimans,
565 1272 604 1301 et
617 1264 736 1302 multa
747 1265 877 1302 virtuti
891 1278 1021 1301 eorum
1037 1266 1268 1310 concedens,
1281 1279 1362 1304 rem

215 1334 336 1365 totam
369 1326 536 1364 distulit:
572 1326 656 1363 illos
675 1332 826 1363 secreto
855 1326 1068 1376 castigavit,
1101 1327 1204 1377 quod
1224 1340 1359 1377 quaes-

215 1389 271 1426 tui
291 1389 439 1438 equites
458 1387 658 1431 haberent,
690 1386 914 1437 monuitque
944 1394 986 1423 ut
1016 1400 1065 1424 ex
1097 1400 1165 1424 sua
1191 1388 1359 1426 amicitia

218 1449 345 1486 omnia
364 1455 649 1498 exspectarent,
669 1454 708 1484 et
727 1459 774 1483 ex
796 1447 1012 1497 praeteritis
1031 1448 1107 1484 suis
1122 1448 1254 1486 officiis
1272 1449 1361 1486 reli-

215 1523 291 1560 qua
310 1516 518 1560 sperarent.
551 1508 735 1558 Magnam
756 1515 884 1545 tamen
904 1499 1000 1546 baec
1015 1522 1074 1546 res
1090 1509 1161 1546 illis
1181 1509 1359 1547 offensio-

214 1584 302 1608 nem
321 1578 361 1608 et
381 1569 679 1607 contemtionem
699 1569 747 1607 ad
767 1582 898 1607 omncs
917 1570 1066 1607 attulit:
1095 1570 1209 1621 idque
1229 1570 1282 1608 ita
1301 1583 1359 1608 es-

215 1645 269 1677 se,
301 1644 418 1681 quum
438 1643 486 1667 ex
508 1630 668 1667 aliorum
698 1631 1034 1680 objectationibus,
1061 1638 1142 1668 tum
1172 1631 1286 1668 etiam
1307 1644 1358 1669 ex

214 1691 426 1730 domestico
453 1691 600 1741 judicio
620 1698 734 1741 atquc
754 1691 867 1728 animi
888 1692 1136 1738 conscientia,
1170 1691 1359 1743 intellige-

212 1755 317 1791 bant.
346 1754 433 1794 Quo
452 1752 598 1802 pudore
617 1752 787 1797 adducti,
807 1760 846 1789 et
862 1752 1019 1790 fortasse
1039 1766 1115 1790 non
1131 1766 1172 1791 se
1190 1753 1357 1800 liberari,

221 1815 289 1852 sed
309 1814 346 1850 in
366 1813 470 1851 aliud
497 1821 647 1863 tempus
667 1812 865 1858 reservari,
897 1813 1085 1859 arbitrati,
1116 1813 1316 1851 discedere
1335 1825 1359 1850 a

214 1875 337 1921 nobis,
362 1883 401 1912 et
420 1887 555 1911 novam
574 1881 723 1911 tentare
741 1873 948 1919 fortunam,
976 1886 1170 1924 novasque
1190 1874 1357 1924 experiri

213 1936 410 1981 amicitias,
433 1935 736 1973 constituerunt:
757 1941 809 1979 et,
829 1946 916 1971 curn
936 1934 1068 1984 paucis
1088 1934 1268 1972 collocuti
1289 1934 1357 1972 cli-

214 2000 365 2037 entibus
384 1999 473 2043 suis,
494 1997 630 2048 quibus
645 2003 793 2033 tantum
813 1995 960 2032 facinus
976 1995 1217 2032 committere
1236 1995 1355 2032 aude-

211 2061 318 2105 bant,
334 2059 496 2109 primurn
514 2057 641 2096 conati
659 2064 747 2093 sunt
762 2055 999 2106 praefectum
1015 2056 1200 2106 equitum,
1221 2055 1264 2093 C.
1278 2055 1358 2094 Vo-

212 2120 402 2164 lusenum,
431 2118 661 2162 interficere,
687 2126 729 2154 ut
748 2124 895 2166 postea,
914 2117 1016 2153 bello
1036 2116 1230 2161 confecto,
1264 2129 1356 2167 cog-

213 2181 333 2218 nitum
349 2187 431 2221 est;
450 2187 491 2215 ut
511 2191 597 2215 cum
619 2190 775 2214 munere
795 2177 923 2227 aliquo
942 2176 1154 2227 perfugisse
1174 2177 1221 2214 ad
1241 2176 1355 2214 Pom-

213 2242 340 2291 peium
362 2239 594 2276 viderentur.
651 2237 855 2287 Postquam
877 2237 915 2274 id
935 2236 1121 2275 difficilius
1140 2237 1262 2274 visum
1281 2244 1354 2283 est,

214 2313 338 2351 neque
353 2299 515 2337 facultas
530 2298 753 2350 perficiendi
769 2297 944 2344 dabatur,
960 2311 1072 2349 quam
1087 2298 1272 2336 maximas
1286 2311 1355 2350 po-
