1472 2664
514 250 678 293 LIBER
730 251 782 289 11.
1151 250 1200 295 25

75 355 276 404 multitudo
295 361 566 394 tormentorum
582 367 731 395 omnem
746 352 1108 396 administrationem
1129 361 1203 393 tar-

75 417 206 457 dabat:
226 424 305 456 tum
324 415 477 453 crebrae
497 427 563 464 per
579 414 737 454 Albicos
757 413 974 463 eruptiones
992 413 1134 454 fiebant
1153 425 1203 450 ex

75 477 228 527 oppido,
264 477 443 530 ignesque
478 475 611 526 aggeri
642 482 682 513 et
718 473 883 513 turribus
919 472 1202 514 inferebantur:

75 549 172 586 quae
190 536 299 577 facile
326 535 442 577 nostri
462 535 697 584 repellebant
715 534 873 576 militem
903 533 1126 583 magnisque
1146 533 1202 574 ul-‚

75 604 133 635 tro
161 596 270 634 illatis
289 595 522 635 detrimentis
542 608 621 641 θος,
652 595 714 645 qui
746 593 984 643 eruptionem
1013 593 1202 640 fecerant,

73 658 110 694 in
129 657 305 707 oppidum
334 655 568 704 rejiciebant.

121 718 194 757 111.
246 716 400 758 Interim
431 715 475 753 L.
506 715 698 763 Nasidius,
719 715 776 771 ,ab
805 714 875 752 Cn.
902 713 1084 765 Pompeio
1114 726 1202 750 cum

71 779 187 821 classe
206 777 358 816 navium
377 788 463 821 xvi,
479 776 514 812 in
533 776 668 826 quibus
686 787 830 826 paucae
846 782 953 815 erant
974 783 1137 818 aeratae,
1157 776 1202 810 L.

68 833 239 883 Domitio
261 837 636 891 iilassilieiisibusque
662 836 829 877 subsidio
849 836 996 881 missus,
1024 836 1123 873 freto
1144 836 1203 872 Si-

69 898 192 943 ciliae,
212 898 448 947 imprudente
462 906 574 947 atque
587 897 808 947 inopinante
828 896 1007 941 Curione,
1029 896 1202 946 pervehi—

69 966 149 1001 tur:
167 958 405 1008 appulsisque
422 957 638 998 Messanam
654 957 822 1002 navibus,
838 964 953 1007 atque
969 957 1068 1002 inde,
1089 971 1202 1008 prop-

70 1027 129 1056 ter
148 1018 386 1069 repentinum
406 1027 602 1063 terrorem,
630 1017 842 1068 principum
875 1031 920 1054 ac
939 1025 1091 1054 senatus
1110 1017 1205 1067 fuga

66 1079 181 1125 facta,
213 1092 262 1116 ex
282 1080 475 1124 navalibus
502 1092 633 1115 eorum
656 1091 765 1117 unam
798 1079 966 1115 deducit.
1021 1079 1108 1123 Hac
1135 1079 1202 1116 ad-

63 1141 198 1188 juncta
223 1139 271 1178 ad
301 1139 464 1188 reliquas
494 1151 621 1184 naves,
649 1151 800 1176 cursum
833 1138 1040 1176 Massiliam
1074 1153 1202 1178 versus

66 1200 235 1251 perficit;
259 1199 536 1250 praemissaque
557 1199 652 1236 clam
673 1199 846 1236 navicula
865 1200 1076 1242 Domitium
1098 1200 1203 1238 Mas-

66 1260 311 1309 siliensesque
341 1259 388 1296 de
417 1272 486 1296 suo
515 1259 682 1296 adventu
714 1260 895 1297 certiores
924 1260 1029 1305 facit,
1057 1274 1201 1311 eosque

65 1332 294 1370 magnopere
313 1320 497 1364 hortatur,
531 1328 572 1356 ut
590 1333 718 1357 rursus
738 1333 825 1357 cum
845 1320 954 1358 Bruti
974 1321 1106 1366 classe,
1135 1321 1200 1359 ad·

66 1380 152 1423 ditis
171 1380 248 1416 suis
266 1379 428 1424 auxiliis,
449 1379 669 1430 confligant.

116 1440 184 1477 IV.
238 1440 509 1485 Massilienses,
529 1448 615 1489 post
632 1441 804 1490 superius
819 1441 1117 1489 incommodum,
1137 1456 1202 1481 ve-

67 1507 167 1544 teres
185 1501 233 1543 ad
247 1499 408 1542 eundem
426 1513 621 1538 numerum
639 1513 686 1537 ex
708 1502 902 1540 navalibus
917 1504 1120 1552 productas
1135 1517 1201 1541 na-

64 1573 132 1602 ves
152 1560 375 1605 refecerant,
395 1572 613 1610 summaque
633 1561 818 1599 industria
836 1571 1086 1609 armaverant,
1122 1564 1202 1614 (re-

66 1621 208 1669 migum
239 1620 612 1670 gubernatorumque
645 1633 783 1670 magna
809 1622 920 1671 copia
944 1624 1196 1675 suppetebat)

63 1680 360 1730 piscatoriasque
380 1680 612 1729 adJecerant‚
642 1689 756 1730 atque
782 1690 1048 1730 contexerant,
1083 1693 1124 1722 ut
1142 1698 1201 1722 cs-

62 1747 147 1785 sent
164 1741 210 1779 ab
230 1740 310 1777 ictu
329 1741 490 1781 telorum
511 1741 673 1791 remiges
693 1741 763 1778 tuti
780 1755 788 1778 :
818 1742 885 1779 has
900 1743 1103 1792 sagittariis
1124 1752 1200 1781 tor-

64 1800 277 1850 mentisque
296 1800 591 1850 compleverunt.
630 1801 712 1837 Tali
732 1802 845 1839 modo
861 1803 1047 1843 instructa
1066 1804 1201 1851 classe,

65 1860 231 1898 omnium
251 1860 454 1906 seniorum,
473 1868 635 1898 matrum
654 1860 833 1906 familiae,
854 1862 1057 1912 virginum,
1078 1865 1202 1913 preci-

62 1920 134 1958 bus
152 1927 191 1957 et
209 1920 304 1957 fietu
322 1921 494 1966 excitati,
514 1929 556 1957 ut
574 1931 747 1959 extremo
764 1929 934 1971 tempore
951 1923 1094 1960 civitati
1113 1926 1200 1962 sub-

63 1980 250 2026 venirent,
283 1994 358 2018 non
386 1982 532 2018 minore
561 1981 686 2019 anImo
711 1995 756 2020 ac
782 1982 936 2029 fiducia,
968 1998 1079 2034 quam
1110 1994 1199 2024 ante

66 2039 352 2087 dimicaverant,
370 2053 484 2079 naves
503 2042 777 2087 conscendunt.
810 2044 1017 2081 Communi
1037 2046 1138 2084 enim
1158 2047 1201 2084 fit

64 2100 157 2139 vitio
176 2108 347 2148 naturae,
368 2109 409 2139 ut
427 2103 568 2149 invisis,
588 2103 838 2150 latitantibus,
858 2112 973 2156 atque
993 2106 1200 2158 incognitis

63 2161 177 2206 rebus
206 2162 326 2212 magis
355 2163 604 2209 confidamuS,
633 2165 972 2217 vehementiusque
1006 2176 1200 2206 exterrea-

63 2233 165 2266 mur3
185 2229 226 2265 ut
244 2223 491 2267 tumaccidit.
529 2224 730 2263 Adventus
749 2226 850 2263 enim
865 2225 911 2263 L.
933 2227 1076 2266 Nasidii
1095 2242 1200 2273 sum-

65 2292 128 2326 ma
155 2294 222 2332 spe
241 2289 280 2320 et
306 2283 502 2328 voluntate
534 2285 725 2323 civitatem
759 2287 1030 2338 compleverat.
1086 2289 1199 2332 Nacti

144 2342 252 2380 Tou.
278 2343 333 2382 11.
610 2345 648 2382 D
