1472 2664
240 233 314 269 186
671 231 720 266 A.
768 230 943 267 Hllz'm

235 332 447 370 contendit.
476 331 520 369 P.
555 331 671 370 Sitius
703 333 868 377 interim,
901 342 940 370 ct
970 345 1038 369 rex
1060 332 1252 377 Bocchus,
1283 346 1373 370 eon-2

231 393 377 442 junctis
403 393 480 431 suis
499 393 633 443 copiis,
654 394 809 443 cognito
829 394 927 443 regis
947 394 1075 431 ,Iubae
1104 405 1272 443 egressu,
1292 407 1377 444 pro-

233 452 318 503 pius
338 455 419 503 ejus
438 466 598 504 regnum
624 454 754 504 copias
772 466 859 491 suas
878 453 1106 496 admovere3
1139 452 1377 503 Cirtamque,

233 514 416 564 oppidum
428 516 511 564 ejus
524 515 631 564 regni
645 513 988 564 opulentissimum,
1000 513 1137 558 adorti,
1152 513 1284 563 paucis
1297 513 1378 550 die-

233 574 305 611 bus
324 574 531 625 pugnando
551 575 720 625 capiunt,
739 582 779 612 et
797 583 998 625 praeterea
1016 575 1092 612 duo
1112 574 1252 624 oppida
1271 573 1374 611 Gae-

232 634 420 672 tulorum:
453 636 589 686 quibus
609 649 724 686 quum
744 635 1003 672 conditionem
1023 635 1180 680 ferrent,
1209 642 1252 672 ut
1271 635 1378 685 oppi-

234 695 284 731 do
299 695 549 740 excederent,
570 695 685 746 idque
700 695 770 732 sibi
786 708 946 733 vacuum
964 696 1172 742 traderent,
1189 696 1379 734 conditio-

233 768 399 806 nemque
414 756 692 807 repudiassent,
712 763 845 806 postea
857 757 903 793 ab
919 757 974 793 eis
987 757 1089 807 capti
1109 757 1378 807 interfectique

233 822 324 853 sunt
341 828 486 853 omnes.
532 816 627 853 Inde
646 817 851 867 progressi,
871 829 983 867 agros
1003 817 1217 868 oppidaque
1233 830 1375 855 vexare

232 889 310 913 non
330 875 532 913 desistunt.
592 877 740 918 Quibus
767 878 880 914 rebus
909 877 1087 927 cognitis,
1118 878 1234 923 Juba,
1262 891 1380 928 quum

228 938 308 986 jam
324 950 400 974 non
415 936 530 987 longe
545 938 592 975 ab
611 936 790 988 Scipione
810 947 925 989 atque
940 940 1022 988 ejus
1037 938 1199 976 ducibus
1214 939 1380 985 abesset,

235 998 339 1048 capit
357 997 571 1044 consilium,
589 998 707 1035 satius
726 1011 809 1036 esse
825 998 893 1035 sibi
909 1011 1054 1049 suoque
1071 1011 1191 1048 regno
1211 999 1379 1037 subsidio

232 1058 302 1104 ire,
334 1071 461 1109 quam,
493 1059 583 1096 dum
604 1058 698 1095 alios
717 1058 918 1107 adjuturus
935 1058 1257 1109 proficisceretur,
1284 1059 1380 1110 ipse,

232 1133 303 1158 suo
322 1134 442 1171 regno
465 1120 662 1171 expulsus,
686 1119 844 1157 forsitan
866 1127 1025 1169 utraque
1046 1132 1086 1156 re
1107 1120 1378 1170 expelleretur.

233 1181 371 1232 Itaque
391 1193 520 1218 rursus
539 1193 579 1218 se
599 1180 785 1230 recipere,
806 1187 921 1230 atque
941 1179 1083 1217 auxilia
1101 1181 1215 1218 etiam
1234 1182 1280 1218 ab
1300 1180 1382 1218 Sci-

231 1241 348 1293 pione
368 1242 545 1286 abduxit,
564 1241 634 1278 sibi
654 1240 808 1290 suisque
824 1241 938 1278 rebus
958 1240 1119 1285 timens3
1148 1241 1381 1292 elephantis·-

234 1316 309 1354 que
329 1315 411 1340 xxx
426 1302 568 1340 relictis
587 1301 664 1339 suis
679 1301 817 1338 finibus
836 1301 1060 1352 oppidisque
1079 1303 1273 1353 suppetias
1295 1315 1383 1353 pro-

234 1363 359 1402 fectus
378 1369 449 1401 est.

287 1425 436 1463 XXVI.
490 1424 630 1463 Caesar
649 1425 814 1469 interim,
835 1437 950 1475 quum
971 1424 1019 1462 de
1038 1437 1107 1461 suo
1127 1424 1292 1462 adventu
1313 1425 1384 1463 du-

239 1487 378 1526 bitatio
404 1486 442 1523 in
461 1485 658 1535 provincia
685 1492 799 1531 esset,
819 1497 944 1535 neque
963 1484 1162 1535 quisquam
1193 1486 1385 1531 crederet,

239 1549 378 1600 ipsum,
391 1547 457 1585 sed
471 1547 635 1597 aliquem
650 1546 832 1596 legatum,
847 1559 933 1583 cum
947 1545 1067 1596 copiis
1081 1546 1119 1582 in
1135 1546 1306 1584 Africam
1319 1560 1384 1585 ve-

235 1610 350 1654 nisse,
371 1607 598 1658 conscriptis
611 1607 731 1644 literis
746 1607 890 1645 circum
911 1607 1159 1658 provinciam,
1179 1620 1311 1645 omnes
1328 1608 1383 1646 ci-

233 1671 371 1708 vitates
389 1669 481 1706 facit
500 1669 548 1706 de
568 1681 637 1705 suo
653 1667 818 1705 adventu
839 1668 1038 1705 certiores.
1092 1667 1251 1706 Interim
1273 1671 1383 1708 nobi·

234 1731 290 1769 les
318 1729 493 1769 homines
512 1742 562 1767 ex
590 1729 667 1766 suis
692 1729 843 1780 oppidis
870 1728 1088 1779 profugere,
1121 1736 1160 1767 et
1187 1729 1226 1766 in
1255 1739 1381 1770 castra

236 1791 412 1832 Caesaris
431 1790 624 1836 devenire,
654 1798 693 1828 et
712 1790 760 1828 de
787 1790 1090 1828 adversariorum
1109 1792 1192 1840 ejus
1217 1792 1383 1830 crudeli-

235 1860 316 1891 tate
334 1851 622 1902 acerbitateque
639 1863 938 1889 commemorare
957 1858 1192 1901 coeperuntz
1220 1865 1381 1902 quorum

234 1913 400 1951 lacrimis
428 1911 669 1963 querelisque
698 1911 839 1949 Caesar
867 1919 1094 1958 commotus,
1126 1925 1242 1962 quum
1270 1921 1384 1952 antea

235 1974 472 2012 constitisset
499 1974 538 2010 in
566 1971 712 2010 stativis
742 1972 890 2018 castris,
917 1979 1062 2010 aestate
1094 1972 1201 2018 inita,
1234 1974 1384 2012 cunctis

236 2034 357 2084 copiis
383 2033 610 2084 auxiliisque
642 2032 751 2078 actis,
780 2032 923 2070 bellum
953 2046 1039 2071 cum
1060 2032 1284 2071 adversariis
1303 2035 1380 2072 suis

235 2107 371 2145 gerere
390 2093 568 2139 instituit,
588 2093 786 2144 literisque
802 2092 981 2131 celeriter
1000 2094 1038 2130 in
1055 2093 1224 2132 Siciliam
1242 2094 1290 2132 ad
1311 2095 1382 2132 Al-

235 2155 378 2192 lienum
398 2162 438 2192 et
458 2154 657 2192 Rabirium
678 2153 900 2192 Postumum
918 2154 1157 2206 conscriptis,
1176 2162 1216 2192 et
1234 2168 1302 2205 per
1319 2167 1384 2193 ca·

236 2224 435 2267 tascopum
460 2215 595 2261 missis,
626 2222 667 2252 ut
693 2215 773 2252 sine
792 2228 911 2260 mora,
938 2223 1004 2253 aut
1023 2215 1100 2253 ulla
1131 2216 1381 2254 excusatione

235 2277 373 2315 hiemis
402 2284 695 2328 ventorumque,
725 2289 838 2327 quam
859 2277 1057 2315 celerrime
1087 2277 1281 2315 exercitus
1309 2276 1383 2315 sibi.
