1472 2664
285 251 358 290 176
717 249 766 287 A.
812 249 989 288 HIRTII

278 352 430 390 navium
463 364 642 397 errorem,
679 352 966 403 equitatumque
1008 352 1045 388 in
1073 352 1230 390 navibus
1263 365 1414 391 omnem

279 413 490 458 continere,
520 420 559 450 ut
579 413 754 458 arbitror,
784 426 831 451 ne
850 414 932 463 agri
952 420 1204 457 vastarentur;
1223 426 1359 465 aquam
1374 414 1415 451 in

278 486 391 511 naves
405 474 516 523 jubet
530 475 770 524 comportari.
826 474 1007 525 Remiges
1027 474 1191 519 interim,
1218 475 1281 525 qui
1299 487 1414 525 aqua·

276 543 357 571 tum
376 547 397 571 e
412 535 567 572 navibus
583 535 769 581 exierant,
799 536 926 573 subito
947 535 1094 585 equites
1113 534 1256 581 Mauri,
1284 548 1409 586 neque

274 595 518 644 opinantibus
538 596 787 641 Caesarianis,
817 595 954 640 adorti,
985 595 1124 632 multos
1148 596 1286 645 jaculis
1319 608 1412 633 con-

274 655 579 702 vulneraverunt,
617 657 817 694 nonnnllos
845 657 1144 694 interfecerunt:
1172 657 1292 694 latent
1311 657 1414 693 enim

273 717 312 753 in
331 717 475 753 insidiis
504 730 590 754 cum
626 718 734 767 equis
754 718 852 755 inter
872 717 1074 762 convalles,
1095 724 1133 754 et
1152 718 1277 755 subito
1297 718 1414 755 exsis-

274 783 372 821 tunt,
401 790 476 813 non
496 784 538 814 ut
566 777 603 814 in
623 790 757 828 campo
778 778 988 815 comminus
1008 779 1256 828 depugnent..

325 835 435 873 V111.
500 837 641 874 Caesar
672 837 823 874 interim
847 837 885 874 in
908 837 1117 874 Sardiniam
1145 838 1305 875 nuncios
1325 851 1412 876 cum

271 897 405 942 literis,
433 904 472 935 et
491 897 528 934 in
548 897 712 948 reliquas
733 897 946 947 provincias
964 897 1156 942 finitimas,
1185 897 1340 943 dimisit,
1371 906 1414 934 ut

271 959 341 995 sibi
361 958 515 1004 auxilia,
537 965 785 1003 commeatus,
800 958 1047 1003 frumentum,
1066 959 1176 995 simul
1197 969 1310 1009 atque
1329 959 1413 997 lite-

270 1032 330 1056 ras
352 1020 547 1070 legissent,
576 1019 763 1057 mittenda
783 1027 985 1063 curarent3
1012 1020 1306 1070 exoneratisque
1327 1033 1412 1070 par-

269 1080 336 1117 tim
355 1081 512 1118 navibus
531 1080 655 1130 longis
685 1080 881 1117 Rabirium
920 1080 1143 1117 Postumum
1172 1080 1210 1117 in
1242 1080 1411 1119 Siciliam

270 1141 318 1178 ad
345 1142 555 1179 secundum
583 1149 838 1178 commeatum
866 1141 1135 1178 arcessendum
1164 1140 1294 1179 mittit.
1348 1141 1413 1179 In-

269 1202 378 1240 terim
391 1215 477 1239 cum
497 1215 523 1238 x
536 1202 693 1239 navibus
706 1202 829 1252 longis
845 1201 893 1238 ad
910 1202 1072 1253 reliquas
1092 1216 1205 1241 naves
1218 1203 1412 1241 onerarias

268 1262 560 1312 conquirendas,
582 1276 679 1313 quae
699 1263 951 1309 deerrassent,
983 1271 1021 1300 et
1046 1263 1156 1301 simul
1175 1276 1278 1301 mare
1299 1271 1410 1302 tuen-

269 1323 358 1361 dum
388 1323 434 1360 ab
456 1323 642 1370 hostibus,
658 1324 769 1374 jubet
797 1324 998 1374 proficisci.
1051 1325 1151 1362 Item
1171 1325 1216 1362 C.
1237 1324 1410 1362 Sallusti-

268 1398 332 1422 um
361 1384 537 1434 Crispum
564 1391 778 1435 praetorem
798 1384 847 1422 ad
864 1385 1066 1423 Cercinam
1086 1385 1247 1422 insulam
1262 1398 1406 1432 versus,

267 1457 380 1496 quam
399 1445 602 1482 adversarii
616 1446 811 1491 tenebant,
825 1460 911 1484 curn
927 1454 1035 1496 parte
1051 1447 1202 1483 navium
1218 1447 1272 1484 ire
1280 1448 1409 1496 jubet;

267 1506 370 1557 quod
393 1505 443 1543 ibi
463 1518 642 1556 magnum
671 1519 871 1544 numerum
889 1506 1071 1544 frumenti
1104 1520 1187 1545 esse
1218 1508 1410 1545 audiebat.

266 1567 378 1605 Haec
397 1567 451 1604 ita
469 1567 693 1617 imperabat,
726 1567 779 1605 ita
798 1558 1006 1618 unicuique
1034 1569 1307 1620 praecipiebat,
1340 1569 1410 1614 uti,

264 1628 346 1666 fieri
366 1635 507 1679 posset,
535 1640 670 1674 necne,
692 1628 817 1665 locum
837 1628 1035 1666 excusatio
1069 1629 1214 1666 nullum
1235 1630 1409 1676 haberet,

264 1702 337 1726 nec
357 1701 499 1726 moram
519 1688 795 1738 tergiversatio.
850 1689 951 1739 Ipse,
982 1689 1127 1726 interea
1154 1701 1203 1726 ex
1231 1689 1403 1740 perfugis

265 1757 304 1788 et
323 1749 456 1787 incolis
476 1749 639 1799 cognitis
654 1750 936 1787 conditionibus
957 1750 1160 1800 ScipioniS,
1175 1757 1214 1788 et
1233 1750 1298 1801 qui
1317 1763 1407 1788 cum

265 1823 312 1848 eo
331 1817 464 1848 contra
477 1823 518 1847 se
537 1810 677 1847 bellum
694 1811 892 1860 gerebant,
921 1810 1089 1848 miserari
1114 1811 1283 1862 (regium
1302 1812 1407 1849 enim

264 1871 477 1922 equitatum
511 1870 640 1921 Scipio
672 1883 721 1908 ex
747 1871 944 1922 provincia
964 1870 1098 1908 Africa
1116 1871 1264 1923 alebat)
1298 1879 1408 1910 tanta

262 1932 436 1970 homines
464 1944 545 1969 esse
566 1931 771 1977 dementia,
805 1939 846 1968 ut
865 1931 997 1968 malint
1017 1931 1117 1981 regis
1137 1944 1219 1969 esse
1237 1932 1407 1982 vectiga-

262 1993 331 2038 les,
367 2005 480 2043 quam
509 2005 596 2030 cum
617 1992 762 2030 civibus
781 1992 818 2029 in
838 1992 961 2043 patria
985 1992 1023 2028 in
1043 1992 1120 2030 suis
1139 1992 1301 2030 fortunis
1320 2005 1407 2031 esse

262 2054 486 2091 incolumes.

312 2113 382 2151 IX.
437 2114 578 2152 Caesar
596 2127 629 2152 a.
649 2115 685 2152 d.
700 2126 752 2151 111
773 2114 873 2152 Non.
888 2114 977 2152 Jan.
993 2121 1116 2152 castra
1131 2121 1258 2152 movet
1274 2128 1284 2151 ε
1302 2112 1406 2164 Lep-

261 2176 366 2226 tique
383 2187 426 2212 V1
444 2175 658 2213 cohortium
672 2176 861 2226 praesidio
878 2189 964 2213 curn
981 2175 1144 2213 Saserna
1158 2175 1306 2220 relicto,
1322 2175 1405 2225 ipse

261 2248 402 2283 rursus,
435 2236 535 2273 unde
555 2236 677 2286 pridie
697 2244 866 2282 venerat,
897 2236 1108 2286 Ruspinam
1128 2248 1216 2273 cum
1249 2235 1408 2286 reliquis

261 2297 381 2349 copiis
415 2297 614 2335 convertit.
685 2297 821 2348 Ibique
849 2297 1007 2336 sarcinis
1033 2295 1227 2336 exercitus
1258 2295 1412 2335 relictis·
