1472 2664
547 239 713 277 LIBER
767 238 799 275 1.
1201 243 1222 280 7

78 350 383 381 transcurrentes
402 342 618 392 detergere,
649 341 680 379 si
711 348 882 391 possent,
909 341 1218 384 contendebann

79 418 197 455 quum
215 404 370 454 propius
387 410 468 440 erat
487 403 702 440 necessario
717 410 887 447 ventum,
906 402 953 439 ab
972 402 1132 440 scientia
1151 416 1220 453 gu-

78 466 323 503 bernatorum
343 472 460 514 atque
487 462 656 500 artificiis
675 462 723 500 ad
741 462 920 499 virtutem
953 470 1221 500 montanorum

80 525 366 575 confugiebant.
421 523 566 568 Nostri,
597 523 698 574 quod
718 523 842 560 minus
861 523 1083 560 exercitatis
1110 523 1221 560 remi-

75 585 201 636 gibus,
237 585 439 635 minusque
473 585 606 634 peritis
642 583 962 633 gubernatoribus
1000 585 1220 629 utebantur,

78 645 167 696 (qui
185 653 344 695 repente
364 657 415 682 ex
433 644 616 682 onerariis
635 644 796 682 navibus
810 652 918 681 erant
935 645 1129 694 producti,
1153 658 1221 682 ne-

73 716 150 755 que
182 703 274 741 dum
306 704 420 742 etiam
446 704 643 742 vocabulis
675 711 1009 751 armamentorum,
1032 704 1218 756 cognitis)

75 771 158 801 tum
177 764 292 801 etiam
311 765 499 815 gravitate
524 772 563 802 et
583 765 763 802 tarditate
790 765 941 802 navium
962 765 1222 816 impedieban-

76 832 162 863 tur:
191 825 316 863 factae
336 826 438 862 enim
456 825 584 863 subito
604 838 653 863 ex
672 825 827 862 humida
858 825 1016 864 materia
1032 838 1106 863 non
1128 838 1222 863 eun-

77 885 165 923 dem
184 898 293 923 usum
327 886 534 924 celeritatis
565 886 773 924 habebant.
826 885 977 936 Itaque,
1005 886 1095 924 dum
1114 887 1222 924 locus

77 947 289 985 comminus
320 947 516 997 pugnandi
549 947 717 993 daretur,
749 959 872 997 aequo
904 947 1031 984 animo
1060 947 1228 997 singulas

75 1007 174 1044 binis
193 1007 352 1044 navibus
367 1007 624 1056 objiciebant:
651 1014 780 1057 atque,
797 1007 939 1056 injecta
957 1020 1072 1045 manu
1084 1007 1222 1053 ferrea,

74 1074 115 1104 et
139 1074 289 1105 retenta
305 1074 466 1117 utraque
492 1080 602 1113 nave,
630 1067 767 1104 diversi
782 1069 1018 1118 pugnabant,
1046 1075 1160 1118 atque
1182 1069 1220 1105 in

74 1129 240 1166 hostium
277 1140 390 1165 naves
427 1128 773 1165 transcendebant:
807 1135 859 1173 et,
889 1141 1028 1178 magno
1061 1141 1223 1166 numero

75 1189 302 1227 Albicorum
322 1196 362 1226 et
377 1196 571 1239 pastorum
584 1188 802 1234 interfecto,
818 1198 963 1239 partem
982 1190 1135 1228 navium
1156 1191 1221 1228 de-

72 1250 264 1300 primunt;
290 1249 493 1287 nonnullas
512 1248 1028 1300 cuml1ominibuscapiunt;
1056 1250 1221 1301 reliquas

72 1310 113 1347 in
131 1318 284 1360 portum
309 1309 557 1360 compellunt.
612 1309 670 1346 Eo
691 1309 754 1348 die
773 1323 887 1348 naves
907 1310 1219 1358 Massiliensium,

74 1384 164 1410 cum
182 1372 242 1417 iis,
261 1384 359 1422 quae
378 1379 466 1409 sunt
485 1378 636 1421 captae,
655 1371 848 1409 intereunt
869 1384 925 1410 rx.

124 1431 232 1470 LIX.
286 1432 376 1470 Hoc
395 1432 560 1483 primum
580 1431 736 1470 Caesari
748 1432 797 1470 ad
813 1430 976 1471 Ilerdam
989 1433 1196 1471 nunciatur
1213 1450 1222 1478 ;

73 1492 199 1539 simul,
218 1493 390 1543 perfecto
409 1499 542 1544 ponte,
562 1492 741 1530 celeriter
759 1493 912 1531 fortuna
931 1502 1113 1532 mutatur.
1169 1495 1222 1532 Il-

72 1553 115 1599 li,
132 1553 327 1604 perterriti
346 1554 485 1590 virtute
500 1553 686 1603 equitum,
711 1554 836 1590 minus
853 1553 988 1600 libere,
1007 1555 1131 1592 minus
1150 1568 1216 1592 au·

72 1614 206 1652 dacter
223 1615 484 1664 vagabantur:
524 1614 628 1659 alias,
660 1627 736 1651 non
760 1614 875 1664 longo
896 1616 943 1652 ab
974 1615 1109 1653 castris
1127 1629 1214 1665 pro-

72 1674 196 1724 gressi
214 1675 351 1724 spatio,
382 1682 424 1712 ut
443 1675 611 1713 celerem
631 1682 830 1725 receptum
850 1675 1050 1720 haberent,
1079 1689 1219 1725 angus-

70 1735 144 1772 tius
163 1735 467 1786 pabulabantur:
497 1735 602 1780 alIas,
632 1735 804 1785 longiore
825 1736 1003 1781 circuitu,
1024 1737 1217 1774 custodias

71 1796 332 1846 stationesque
362 1795 533 1846 equitum
565 1795 759 1838 vitabant;
787 1803 866 1841 aut,
899 1796 1027 1846 aliquo
1055 1804 1218 1847 accepto

72 1855 318 1902 detrimento,
346 1864 411 1893 aut
430 1856 564 1906 procul
586 1856 759 1906 equitatu
779 1856 871 1901 viso,
892 1870 942 1894 ex
967 1857 1092 1894 medio
1107 1857 1218 1894 itine-

72 1928 128 1961 re,
147 1916 329 1965 projectis
343 1916 514 1961 sarcinis,
539 1915 751 1966 fugiebant.
806 1916 1005 1954 Postremo
1024 1924 1064 1954 et
1091 1917 1218 1967 plures

73 1976 327 2014 intermittere
346 1975 441 2022 dies,
461 1984 513 2021 et,
533 1984 684 2026 praeter
696 1978 1014 2015 consuetudinem
1033 1978 1216 2022 omnium,

72 2043 191 2074 noctu
208 2036 486 2074 constituerant
504 2037 688 2086 pabulari.

123 2095 209 2133 LX.
265 2096 422 2133 Interim
454 2097 659 2142 Oscenses,
690 2105 729 2135 et
756 2098 1051 2149 Calagurritani,
1082 2099 1147 2150 qui
1176 2112 1215 2136 e-

75 2163 161 2193 rant
180 2169 266 2194 cum
287 2156 521 2194 Oscensibus
541 2157 766 2204 contributi,
795 2159 952 2196 mittunt
980 2160 1029 2196 ad
1047 2173 1134 2196 eum
1162 2160 1215 2196 le-

72 2223 196 2266 gatos,
229 2229 389 2267 seseque
422 2217 605 2268 imperata
634 2217 804 2256 facturos
835 2220 1076 2270 pollicentur.
1130 2220 1220 2258 Hos

76 2276 397 2325 Tarraconenses,
432 2287 471 2317 et
498 2279 688 2326 Jacetani‚
720 2288 760 2317 et
789 2282 990 2327 Ausetani,
1026 2289 1065 2318 et
1083 2281 1237 2332 paucis*
