1472 2664
494 269 660 307 LIBER
713 269 787 307 111.
1153 273 1223 309 101

88 374 192 412 tibus
209 379 395 418 uteretur,
414 372 722 423 praesidiumque
741 372 788 409 ab
808 383 855 409 eo
870 370 1031 408 militum
1051 371 1225 421 petierat.

84 435 155 473 sed
172 447 220 473 eo
241 434 338 471 fama
353 435 431 483 jam
450 440 727 483 praecurrerat,
748 445 861 482 quam
878 443 993 480 supra
1012 431 1226 476 docuimus,

85 495 135 532 de
146 494 293 546 proelio
306 493 591 544 Dyrrhachium
608 493 710 542 quod
725 492 853 529 multis
866 498 1028 529 auxerat
1041 492 1225 541 partibus.

85 554 220 606 Itaque
236 554 539 599 Androsthenes,
551 564 706 603 praetor
718 551 952 596 Thessaliae,
965 560 1081 602 quum
1093 564 1134 588 se
1148 551 1226 588 vic-

85 617 205 655 toriae
218 615 391 666 Pompeii
404 615 583 653 comitem
596 627 678 652 esse
692 614 834 659 mallet,
844 627 957 664 quam
969 613 1115 650 socium
1129 613 1226 651 Cae-

85 677 179 715 saris
195 677 233 714 in
254 677 367 713 rebus
385 676 565 720 adversis,
586 688 736 712 omnem
757 688 805 712 ex
825 675 926 724 agris
941 673 1225 711 multitudinem

85 748 281 773 servorum
300 749 345 774 ac
364 736 570 773 liberorum
598 736 635 771 in
655 735 838 785 oppidum
867 734 987 784 dogit,
1019 743 1225 785 portasque

83 797 316 847 praecludit,
348 804 386 834 et
406 797 455 834 ad
486 796 704 846 Scipionem
735 796 1037 845 Pompeiumque
1064 798 1224 832 nuncios

78 857 210 903 mittit,
230 866 271 895 ut
287 857 358 895 sibi
379 857 548 894 subsidio
567 857 742 894 veniant:
770 869 810 893 se
830 856 1026 893 confidere
1046 857 1224 893 munitio-

81 918 194 955 nibus
224 918 366 968 oppidi,
400 918 431 954 si
459 917 636 955 celeriter
668 924 912 954 succurratur
929 932 938 959 ;
973 916 1225 967 longinquam

85 979 411 1029 oppugnationem
427 978 615 1014 sustinere
634 989 710 1013 non
729 989 853 1027 posse.
893 976 1036 1026 Scipio,
1056 977 1225 1015 discessu

81 1040 322 1076 exercituum
344 1040 391 1076 ab
413 1037 658 1088 Dyrrhachio
688 1037 856 1086 cognito,
886 1036 1076 1074 Larissam
1105 1039 1225 1088 legio·

83 1111 154 1136 nes
171 1100 410 1136 adduxerat:
441 1099 645 1148 Pompeius
665 1097 832 1134 nondum
849 1097 1068 1134 Thessaliae
1087 1110 1226 1148 appro-

85 1159 307 1210 pinquabat.
344 1160 501 1204 Caesar,
521 1158 656 1196 castris
674 1157 842 1203 munitis,
871 1158 992 1194 scalas
1012 1160 1225 1197 musculos-

81 1231 156 1270 que
175 1219 225 1256 ad
243 1220 481 1269 repentinam
503 1219 829 1269 oppugnationem
843 1217 939 1263 fieri,
959 1228 998 1255 ct
1014 1227 1138 1256 crates
1157 1234 1223 1271 pa-

79 1280 168 1324 rari,
184 1280 311 1329 jussit.
354 1280 503 1322 Quibus
517 1281 631 1317 rebus
650 1279 809 1322 effectis,
829 1279 1052 1316 cohortatus
1070 1281 1224 1327 milites,

83 1341 232 1386 docuit,
259 1348 444 1392 quantum
464 1354 574 1378 usum
594 1340 754 1377 haberet
773 1340 822 1377 ad
844 1340 1115 1379 sublevandam
1143 1356 1223 1380 om-

78 1402 190 1439 nium
206 1415 335 1439 rerum
354 1403 534 1452 inopiam,
563 1402 677 1452 potiri
697 1401 839 1451 oppido
858 1401 973 1451 pleno
992 1410 1108 1453 atque
1127 1417 1223 1453 opu-

77 1462 209 1506 lento;
237 1463 348 1500 simul
368 1463 525 1514 reliquis
544 1463 761 1500 civitatibus
789 1462 902 1511 hujus
920 1463 1026 1499 urbis
1044 1466 1224 1516 exemplo

78 1523 224 1561 inferre
242 1532 446 1567 terrorem;
466 1532 504 1561 et
519 1524 558 1560 id
572 1522 654 1560 r'ieri
671 1523 860 1567 celeriter,
879 1523 1097 1575 priusquam
1114 1527 1224 1563 auxi·-

77 1583 131 1622 lia
146 1592 438 1622 concurrerent.
490 1584 644 1635 Itaque,
663 1596 751 1621 usus
766 1584 947 1634 singulari
962 1585 1124 1622 militum
1143 1594 1222 1624 stu-

81 1644 161 1690 dio,
177 1645 328 1691 eodem,
344 1659 420 1696 quo
434 1655 605 1690 venerat,
620 1644 695 1690 die,
711 1653 799 1695 post
813 1645 943 1682 horam
962 1658 1019 1692 ix,
1040 1648 1220 1698 oppidum

80 1706 275 1743 altissimis
302 1707 502 1744 moenibus
531 1719 753 1757 oppugnare
783 1719 998 1756 aggressus,
1027 1716 1114 1746 ante
1134 1709 1223 1746 solis

79 1779 260 1804 occasum
277 1768 526 1817 expugnavit,
546 1775 586 1804 et
600 1767 648 1803 ad
664 1766 920 1816 diripiendum
935 1768 1117 1806 militibus
1132 1782 1224 1806 con-

80 1829 219 1872 cessit;
252 1829 458 1878 statimque
477 1829 525 1865 ab
553 1828 696 1878 oppido
715 1836 839 1865 castra
858 1829 988 1874 movit,
1016 1838 1054 1867 et
1073 1830 1221 1868 Metro·

79 1889 196 1940 polim
220 1890 336 1936 venit,
356 1892 425 1935 sic,
445 1897 487 1926 ut
506 1890 668 1926 nuncios
686 1889 898 1938 expugnati
917 1889 1048 1940 oppidi
1065 1889 1222 1929 famum·

83 1962 159 2000 que
179 1950 442 1988 antecederet.

133 2011 318 2049 Lxxxx.
373 2011 661 2062 Metropolitae,
681 2011 846 2062 primum
865 2011 1000 2049 eodem
1022 2013 1077 2050 usi
1098 2015 1222 2051 consi-

83 2071 151 2118 lio,
170 2072 305 2109 iisdem
322 2074 483 2123 permoti
499 2072 725 2116 rumoribus,
745 2079 874 2122 portas
889 2072 1121 2120 clauserunt,
1141 2088 1223 2113 inu-

81 2145 222 2184 rosque
243 2135 398 2170 armatis
417 2133 727 2184 compleverunt:
758 2133 826 2169 sed
846 2141 991 2183 postea,
1019 2147 1110 2172 casu
1131 2137 1221 2174 civi-

83 2193 173 2232 tatis
193 2193 452 2245 Gomphensis
471 2193 627 2243 cognito
643 2205 693 2230 cx
709 2194 882 2244 captivis,
903 2207 997 2244 quos
1018 2197 1158 2234 Caesar
1173 2199 1223 2236 ad

81 2265 233 2291 murum
266 2254 535 2305 producendos
563 2261 776 2299 curaverat,
814 2263 946 2305 portas
977 2267 1221 2307 aperuerunt.

73 2313 231 2355 -Quibus
246 2315 535 2365 diligentissime
551 2319 797 2365 conservatis,
818 2319 958 2358 collata
971 2320 1124 2359 fortuna
1138 2321 1222 2359 Me.-
