1472 2664
483 295 648 334 LIBER
700 295 773 333 ΙΙΙ.
1130 295 1199 333 109

52 400 201 451 gladios
219 399 467 437 strinxerunt.
522 399 660 450 Neque
675 411 765 436 vero
786 396 1010 447 Pompeiani
1029 397 1120 434 huic
1139 396 1196 434 rei

51 461 281 498 defuerunt:
302 473 388 498 nam
408 469 448 497 et
467 460 545 497 tela
556 461 670 497 missa
683 465 937 509 exceperunt,
953 465 993 494 et
1009 458 1195 508 impetum

52 521 248 571 legionum
267 521 451 566 tulerunt,
479 528 518 558 et
550 520 702 558 ordines
722 524 1057 562 conservaverunt,
1090 517 1195 567 pilis-

52 594 128 631 que
147 581 270 619 missis
289 582 337 619 ad
355 581 502 631 gladios
522 581 729 618 redierunt.
794 578 942 616 Eodem
962 586 1138 628 tempore
1157 590 1197 614 e·

53 641 178 691 quites
197 643 244 679 ab
263 641 414 679 sinistro
435 641 609 691 Pompeii
627 653 761 685 cornu,
789 646 832 676 ut
850 647 932 676 erat
951 639 1196 688 imperatum,

55 702 221 740 universi
241 710 579 753 procucurrerunt,
600 701 798 751 omnisque
814 699 1021 737 multitudo
1040 699 1199 749 sagitta·-

54 762 195 800 riorum
215 776 256 801 se
289 763 480 813 profudit:
511 776 673 813 quorum
694 763 878 813 impetum
899 768 1029 798 noster
1049 759 1200 810 equita-

54 830 115 860 tus
134 837 210 860 non
230 824 331 869 tulit,
351 823 419 860 sed
434 823 603 874 paullum
622 823 709 860 loco
730 829 856 859 motus
872 821 986 859 cessit
1002 834 1011 858 ι
1032 820 1202 871 equites-

54 895 129 933 que
149 883 373 933 Pompeiani
393 883 466 920 hoc
485 883 609 920 acrius
629 883 784 928 instare,
805 890 845 920 et
859 896 899 920 se
916 881 1110 919 turmatim
1130 893 1198 917 ex-

52 943 211 993 plicare,
239 943 437 993 aciemque
456 950 624 980 nostram
651 956 674 980 a
702 943 821 980 latere
853 950 986 993 aperto
1020 941 1198 986 circuire,

57 1012 282 1055 coeperunt.
337 1005 450 1047 Quod
470 1004 534 1042 ubi
555 1005 695 1042 Caesar
714 1003 996 1048 animadvertit,
1025 1014 1071 1039 1v
1090 1002 1202 1048 aciei,

56 1077 170 1114 quam
190 1065 408 1102 instituerat
432 1077 501 1101 sex
522 1065 740 1102 cohortium
760 1077 934 1109 numero,
962 1063 1113 1113 signum
1133 1062 1200 1099 de-

56 1125 126 1163 dit.
179 1125 240 1161 Illi
261 1125 437 1163 celeriter
462 1132 802 1176 procucurrerunt,
839 1124 1064 1174 infestisque
1082 1122 1202 1173 signis

58 1193 165 1224 tanta
182 1186 218 1222 vi
237 1186 276 1223 in
296 1185 470 1236 Pompeii
489 1185 636 1236 equites
657 1185 841 1236 impetum
859 1185 1052 1230 fecerunt,
1072 1191 1114 1221 ut
1133 1196 1199 1221 eo-

56 1260 138 1284 rum
159 1260 270 1285 nemo
291 1247 542 1289 consisterem
562 1258 771 1296 omnesque
787 1245 961 1282 conversi
982 1258 1059 1282 non
1078 1244 1201 1282 solum

55 1308 141 1345 loco
161 1307 409 1352 excederent,
428 1306 496 1344 sed
515 1306 688 1357 protinus
707 1305 856 1343 incitati
872 1305 964 1356 fuga
978 1311 1127 1343 montes
1147 1305 1201 1342 al-

57 1368 224 1405 tissimos
237 1374 427 1418 peterent.
480 1367 629 1409 Quibus
645 1366 844 1412 submotis,
864 1379 996 1404 omnes
1016 1364 1202 1416 sagittarii

53 1428 356 1478 funditoresque,
385 1427 573 1473 destituti,
603 1427 780 1471 inermes,
808 1427 890 1464 sine
910 1426 1115 1477 praesidio,
1144 1426 1200 1463 in-

56 1488 208 1526 terfecti
227 1495 327 1526 sunt.
382 1487 531 1525 Eodem
546 1488 691 1538 impetu
708 1488 888 1525 cohortes
903 1488 1097 1525 sinistrum
1115 1500 1200 1524 cor-

61 1563 127 1594 nu,
155 1549 414 1600 pugnantibus
447 1548 561 1586 etiam
580 1555 661 1585 tum
689 1561 734 1586 ac
753 1548 1018 1587 resistentibus
1050 1548 1086 1584 in
1118 1546 1202 1584 acie

58 1609 316 1659 Pompeianis,
336 1609 625 1653 circumierunt,
645 1621 788 1658 eosque
802 1621 825 1646 a
839 1616 949 1658 tergo
962 1615 1050 1645 sunt
1065 1607 1203 1645 adorti.

110 1670 252 1708 XCIV.
283 1669 431 1707 Eodem
448 1675 622 1719 tempore
637 1668 788 1706 tertiam
800 1669 922 1706 aciem
936 1669 1090 1714 Caesar,
1106 1680 1204 1718 quac

59 1730 191 1782 quieta
208 1730 347 1775 fuerat,
366 1737 406 1767 et
425 1743 465 1767 se
483 1729 532 1766 ad
551 1730 590 1766 id
609 1737 761 1779 tempus
781 1729 866 1767 loco
886 1736 1079 1774 tenuerat,
1111 1741 1202 1778 pro-

57 1803 213 1830 currere
229 1791 355 1840 jussit.
408 1790 482 1836 Ita,
510 1804 626 1840 quum
647 1798 823 1828 recentes
842 1797 958 1840 atque
975 1789 1116 1839 integri
1136 1789 1203 1827 de-

56 1851 166 1890 fessis
184 1850 471 1896 successissent,
500 1851 563 1887 alii
596 1859 724 1888 autem
752 1864 774 1888 a
805 1859 914 1901 tergo
944 1850 1203 1895 adorirentur,

58 1913 246 1951 sustinere
267 1911 491 1961 Pompeiani
524 1924 600 1948 non
634 1919 858 1962 potuerunt,
886 1918 924 1948 at
940 1923 1002 1960 ⁴zue
1036 1911 1203 1949 universi

59 1981 170 2022 terga
188 1979 398 2009 verterunt.
452 1970 591 2021 Neque
612 1984 701 2008 vero
717 1971 921 2009 Caesarem
941 1970 1092 2016 fefellit,
1112 1972 1215 2021 quin.

59 2034 107 2071 ab
127 2032 173 2069 iis
207 2031 443 2076 cohortibus,
472 2044 569 2081 quae
590 2039 725 2069 contra
743 2031 955 2082 equitatum
976 2031 1013 2068 in
1044 2043 1090 2068 1v
1123 2032 1206 2069 acie

59 2093 274 2130 collocatae
308 2099 449 2136 essent,
477 2092 626 2129 initium
645 2093 828 2130 victoriae
859 2092 1034 2137 oriretur,
1063 2099 1105 2129 ut
1124 2092 1205 2142 ipsc

60 2154 99 2191 in
119 2151 364 2190 cohortandis
383 2151 566 2188 militibus
585 2152 918 2202 pronunciaverat.
954 2152 1017 2188 Ab
1031 2152 1088 2189 his
1103 2152 1206 2190 enim

62 2214 224 2265 primum
246 2213 438 2263 equitatus
457 2220 516 2250 est
534 2213 682 2263 pulsus:
702 2214 749 2251 ab
770 2213 903 2250 iisdem
923 2212 1048 2251 factae
1068 2213 1206 2250 caedes

62 2273 345 2324 sagittariorum
364 2280 480 2324 atque
497 2273 750 2311 funditorum:
770 2274 817 2311 ab
831 2273 964 2310 iisdem
979 2274 1081 2311 acies
1095 2274 1208 2311 Pom-

64 2334 201 2386 peiana
215 2346 237 2371 a
250 2334 402 2372 sinistra
413 2340 521 2385 parte
535 2341 616 2372 erat
631 2333 844 2380 circumita,
857 2341 971 2385 atque
987 2334 1135 2373 initium
1147 2334 1206 2372 fu-

142 2395 252 2433 ΤοΜ.
281 2394 334 2431 ΙΙ.
646 2393 681 2431 Ο
710 2397 733 2432 3
