1472 2664
476 214 641 266 LIBER
692 228 745 264 11.
1126 228 1178 265 49

41 342 129 373 ante
149 340 229 372 erat
247 333 428 371 auditum.
471 332 548 369 Sed
568 344 636 368 rex
655 329 831 367 omnibus
851 327 969 379 copiis
995 327 1172 378 insequess

39 396 163 441 batur,
193 401 232 432 et
250 406 295 430 VI
315 393 470 430 millium
497 405 674 441 passuum
700 389 897 427 intervallo
919 388 1065 425 Sabura
1083 401 1176 426 con-

39 456 200 493 sederat.
257 454 414 504 Equites
432 453 533 489 missi
555 459 670 488 nocte
691 451 760 486 iter
780 448 1004 493 conficiunt,
1033 448 1176 497 impru-

38 514 172 551 dentes
190 521 305 564 atque
324 512 537 563 inopinates
556 511 685 548 hostes
705 508 1005 559 aggrediuntur:
1037 507 1072 543 N
1078 508 1174 544 umi-

38 574 110 611 dae
128 573 243 619 enim,
271 573 435 623 quadam
452 572 612 609 barbara
631 568 922 613 consuetudine,
941 568 1054 605 nullis
1072 567 1174 605 ordi-

38 633 149 671 nibus
167 633 304 683 passim
325 631 589 670 consederant.
643 629 741 674 Hos,
762 641 962 679 oppressos
982 641 1114 665 somno
1134 635 1175 665 et

39 693 240 744 dispersos,
269 693 404 736 adorti,
438 703 616 740 magnum
636 702 768 727 eorum
796 701 995 726 numerum
1029 688 1173 726 interfi-

39 754 143 792 ciunt
159 767 168 790 :
206 753 315 791 multi
339 752 532 803 perterriti
562 750 797 801 profugiunt.
851 750 938 791 Quo
969 749 1087 795 facto,
1124 749 1175 787 ad

38 814 244 852 Curionem
273 813 419 863 equites
444 819 701 856 revertuntur,
732 810 978 861 captivosque
1007 810 1056 847 ad
1085 823 1173 847 eum

39 875 241 912 reducunt.

90 934 277 978 XXXIX,
322 934 438 972 Curio
459 947 544 971 cum
563 933 735 971 omnibus
755 932 874 983 copiis
893 940 1026 982 quarta
1043 932 1174 982 vigilia

38 994 198 1040 exierat,
220 995 440 1032 cohortibus
461 1006 488 1030 v
508 993 642 1031 castris
660 993 848 1043 praesidio
868 993 1023 1030 relictis.
1078 991 1172 1030 Pro-

36 1067 187 1104 gressus
205 1055 322 1092 millia
339 1067 514 1105 passuum
532 1066 590 1099 vr,
610 1053 757 1103 equites
777 1052 969 1097 convenit,
989 1065 1068 1090 rem
1084 1065 1171 1102 ges-

35 1122 112 1152 tam
131 1115 332 1164 cognovit;
351 1127 401 1152 ex
420 1113 578 1164 captivis
593 1113 754 1163 quaerit,
773 1112 858 1163 quiS
877 1112 1011 1150 castris
1029 1113 1077 1150 ad
1097 1113 1171 1150 Ba-

36 1175 191 1225 gradam
210 1174 373 1225 praesit:
393 1173 639 1224 respondent,
661 1172 855 1210 Saburam.
894 1173 1070 1224 Reliqua,
1090 1183 1170 1211 stu-

36 1232 99 1272 dio
116 1235 260 1272 itineris
276 1235 516 1280 conficiendi,
536 1246 720 1284 quaerere
735 1234 1020 1283 praetermittit;
1038 1235 1171 1285 proxi-

35 1308 171 1346 maque
192 1295 398 1345 respiciens
417 1295 537 1344 signa,
566 1299 592 1317 ‘⁴
608 1293 851 1338 Videtisne‚'’
873 1294 1008 1344 inquit,
1030 1300 1054 1317 “
1070 1295 1169 1331 mili·

34 1362 62 1379 ‘⁶
76 1364 148 1401 tes,
169 1356 402 1406 captivorum
422 1355 631 1392 orationem
647 1367 733 1391 cum
754 1354 921 1405 pei-Fugis
934 1355 1167 1393 convenire?

32 1422 59 1441 “
74 1417 205 1454 abesse
222 1428 365 1466 regem,
380 1415 540 1465 exiguas
553 1427 635 1452 esse
649 1415 776 1465 copias
792 1416 936 1461 missas,
957 1429 1054 1466 quae
1074 1429 1168 1466 pau-

34 1482 60 1500 “
75 1477 128 1514 cis
147 1476 338 1526 equitibus
356 1487 466 1525 pares
485 1487 567 1512 esse
587 1488 663 1511 non
684 1476 903 1525 potuerint?
935 1476 1101 1513 Proinde
1117 1476 1168 1514 ad

32 1543 59 1561 “
73 1529 333 1587 praedamJad
351 1536 523 1585 gloriam,
544 1543 759 1585 properate,
781 1543 821 1572 ut
835 1538 913 1585 jam
927 1536 974 1573 de
989 1538 1167 1586 praemiis

32 1604 58 1621 ‘⁴
74 1597 219 1643 vestris,
238 1605 277 1634 et
289 1597 336 1634 de
350 1596 546 1632 referenda
562 1595 696 1645 gratia,
713 1595 882 1645 cogitare
898 1596 1166 1647 incipiamus,''

30 1658 150 1695 Erant
168 1670 236 1708 per
252 1670 291 1695 se
312 1668 462 1706 magna,
483 1668 579 1705 quae
598 1663 794 1705 gesserant
813 1656 974 1705 equites,
995 1670 1164 1707 praeser-

30 1718 110 1764 tim,
125 1732 239 1768 quum
256 1731 388 1754 eorum
402 1717 564 1766 exiguus
579 1729 755 1753 numerus
769 1729 855 1753 cum
872 1725 977 1754 tanta
992 1718 1164 1755 multitu-

30 1779 118 1816 dine
135 1779 386 1816 Numidarum
402 1778 661 1814 conferretur:
684 1777 778 1813 haec
795 1785 921 1814 tamen
940 1779 988 1815 ab
1004 1779 1092 1828 ipsis
1107 1779 1164 1816 iu-

27 1839 154 1876 flatius
169 1838 577 1881 commemorabantur,
594 1844 635 1874 ut
647 1837 694 1874 de
710 1837 787 1873 suis
802 1837 975 1875 homines
990 1838 1164 1876 laudibus

27 1896 191 1934 libenter
210 1897 443 1946 praedicant.
472 1896 598 1933 Multa
614 1904 813 1946 praeterea
832 1897 952 1946 spolia
971 1898 1164 1948 praefere—

28 1957 188 2000 bantur;
206 1957 307 2007 capti
327 1956 498 1994 homines
513 1957 737 2007 equitesque
754 1957 1086 2008 producebantur:
1107 1968 1164 2004 ut,

29 2017 213 2068 quidquid
240 2016 495 2055 intercederet
514 2017 710 2067 temporis,
740 2018 814 2054 hoc
833 2031 945 2055 omne
964 2018 1162 2056 victoriam

26 2078 164 2115 morari
190 2078 394 2115 videretur.
447 2078 508 2114 Ita
531 2078 611 2128 spei
640 2078 818 2115 Curionis
848 2078 1010 2116 rnilitum
1037 2080 1163 2118 studia

29 2151 106 2175 non
124 2138 294 2176 deerant.
348 2138 506 2189 Equites
525 2138 631 2188 sequi
654 2139 765 2188 jubet
782 2151 889 2182 sese;
918 2139 1064 2190 iterque
1097 2153 1161 2178 ac-

27 2198 182 2244 celerat,
210 2206 251 2236 ut
270 2211 381 2250 quarn
401 2198 565 2237 maxime
583 2211 633 2235 ex
652 2198 744 2248 fuga
769 2199 993 2249 perterritos
1021 2200 1162 2238 adoriri

104 2258 211 2296 Tou.
239 2259 290 2296 11.
562 2258 600 2295 G

1468 1603 1472 1611 .
1465 1003 1472 1592 ..μ--μ-..ῌ--ῇ--Μψ
1468 951 1472 991 .-
1470 917 1472 926 ᾼ

1465 1831 1472 2223 ᾼΑᾼᾼΑ.--«,-..-.-,...-,,,..
1467 1762 1472 1796 η..
1467 1714 1472 1747 ..-
