1472 2664
259 259 331 296 198
691 258 742 295 A.
782 255 960 295 HIRTII

254 359 449 410 Thapson,
478 371 500 397 a
519 358 680 410 Virgilio
694 360 845 411 scaphis
856 359 1118 411 naviculisque
1131 361 1311 399 actuariis
1325 375 1394 400 ex-

254 428 368 471 cepta
387 428 458 466 est,
477 428 516 458 et
535 421 584 458 ad
605 419 824 472 Scipionem
843 421 1022 458 deducta.
1062 420 1162 458 Item
1180 421 1302 459 altera
1326 435 1394 460 na-

251 481 308 518 vis
326 481 450 518 trieris
469 494 518 518 ex
538 481 672 519 eadem
692 482 826 527 classe,
846 481 1074 527 errabunda,
1101 494 1148 519 ac
1167 489 1394 533 tempestate

252 541 302 578 ad.
321 541 574 591 Aegimurum
607 542 747 588 delata,
779 555 802 580 a
820 542 940 579 classe
960 541 1050 579 Vari
1081 550 1122 580 et
1154 542 1210 579 M.
1242 543 1395 581 Octavii

249 608 307 639 est
326 610 461 652 capta:
490 603 528 639 in
558 615 634 653 qua
652 603 789 641 milites
809 603 978 641 veterani
997 616 1085 641 cum
1105 616 1181 641 uno
1201 604 1394 642 centurio-

249 675 298 699 ne
317 670 355 700 et
376 663 547 700 nonnulli
567 664 709 701 tirones
722 665 901 708 fuerunt:
922 678 1016 715 quos
1031 665 1167 710 Varus,
1182 673 1392 703 asservatos

245 721 328 759 sine
358 723 603 769 contumelia,
635 723 884 762 deducendos
915 725 1061 762 curavit
1090 725 1139 762 ad
1161 725 1392 776 Scipionem.

250 782 325 824 Qui
345 790 546 833 postquam
573 784 621 821 ad
640 794 727 822 eum
753 793 1024 835 pervenerunt,
1053 793 1093 822 et
1123 793 1212 823 ante
1231 799 1391 837 sugges-

249 850 329 880 tum
345 846 427 894 ejus
443 844 712 896 constiterunt,
733 850 759 868 ‘⁶
779 845 867 881 Non
880 848 1051 892 vestra,''
1072 847 1208 896 inquit,
1228 851 1255 869 “
1275 859 1390 897 spon-

246 909 273 927 “
303 912 341 941 te
371 918 438 942 vos
457 912 564 942 certo
596 906 689 951 scio,
717 905 786 943 sed
818 906 916 943 illius
941 907 1116 945 scelerati
1136 908 1251 944 vestri
1271 908 1390 959 impe·

248 969 275 988 “
304 965 441 1003 ratoris
472 966 637 1016 impulsu
657 974 696 1004 et
724 966 883 1017 imperio
903 975 1073 1014 coactos,
1101 969 1203 1006 cives
1235 976 1274 1006 et
1293 969 1393 1020 opti-

249 1030 275 1048 “
303 1039 406 1062 mum
427 1040 618 1077 quemque
644 1027 788 1065 nei'arie
820 1029 1059 1066 consectari:
1088 1041 1183 1079 quos
1211 1030 1393 1080 quoniam

245 1090 274 1109 “
300 1086 456 1124 fortuna
475 1087 512 1123 in
533 1096 700 1125 nostram
720 1088 859 1125 detulit
878 1095 1123 1139 potestatem,
1151 1088 1196 1134 si,
1230 1088 1268 1126 id
1287 1088 1392 1139 quod

247 1151 274 1170 “
299 1146 428 1185 facere
461 1148 623 1194 debetis,
651 1150 925 1200 rempublicam
958 1161 1046 1186 cum
1075 1149 1221 1199 optimo
1240 1162 1394 1201 quoque

248 1213 276 1231 “
305 1208 533 1255 defendetis,
554 1219 701 1248 certum
718 1217 776 1248 est
794 1210 901 1247 vobis
916 1210 1030 1247 vitam
1051 1216 1090 1246 et
1104 1211 1306 1260 pecuniam
1325 1211 1395 1248 do-

245 1273 272 1293 “
299 1282 404 1306 nare.
472 1272 732 1322 Quapropter,
762 1271 856 1321 quid
876 1270 1060 1316 sentiatis,
1079 1270 1392 1322 proloquimini.'’

296 1330 418 1368 XLV.
472 1331 560 1370 Hac
580 1332 709 1369 habita
728 1332 916 1378 oratione,
946 1332 1091 1382 Scipio,
1117 1344 1235 1382 quum
1255 1333 1388 1370 existi-

242 1391 384 1428 masset
402 1405 471 1442 pro
490 1405 560 1429 suo
580 1393 768 1431 beneficio
788 1393 869 1429 sine
892 1392 1009 1430 dubio
1028 1394 1074 1430 ab
1095 1392 1139 1430 iis
1158 1392 1300 1443 gratias
1318 1393 1390 1431 sibi

242 1458 371 1489 actum
391 1451 450 1498 iri,
470 1460 701 1503 potestatem
722 1453 765 1490 iis
780 1453 934 1490 dicendi
952 1453 1057 1491 fecit.
1101 1452 1161 1490 Ex
1182 1453 1236 1491 eis
1252 1462 1386 1492 centu-

242 1511 297 1550 rio
313 1513 475 1563 legionis
500 1525 589 1559 Xiv,
619 1518 644 1537 ‘⁶
670 1514 746 1551 Pro
766 1514 878 1560 tu0,”
898 1514 1036 1564 inquit,
1055 1518 1082 1537 ‘⁵
1100 1527 1249 1552 summo
1268 1514 1387 1551 bene-

242 1578 269 1601 ἐι
297 1574 398 1620 ficio,
429 1574 573 1625 Scipio,
601 1575 669 1612 tibi
688 1575 830 1626 gratias
855 1588 944 1625 ago,
977 1575 1075 1626 (non
1105 1576 1207 1613 enim
1226 1575 1389 1626 impera-

242 1639 269 1658 “
296 1642 419 1671 torem
451 1643 490 1673 te
522 1636 695 1687 appello)
736 1637 841 1687 quod
870 1636 962 1673 mihi
995 1636 1111 1673 vitam
1146 1636 1391 1674 incolumita-

243 1700 270 1721 “
298 1704 465 1747 temque,
494 1697 686 1748 bellijure
705 1705 832 1748 capto,
860 1697 1073 1748 polliceris:
1115 1704 1154 1735 et
1172 1697 1300 1735 forsan
1315 1697 1389 1735 isto

241 1761 268 1779 “
297 1764 426 1794 uterer
437 1758 640 1804 beneficio,
658 1758 689 1795 si
709 1772 785 1795 non
805 1759 841 1795 ei
856 1771 1043 1796 summum
1058 1758 1184 1796 scelus
1202 1759 1387 1809 adjunge-

240 1824 268 1842 “
295 1828 411 1857 retur.
465 1819 602 1870 Egone
621 1829 756 1858 contra
775 1822 992 1867 Caesarem,
1021 1821 1290 1872 imperatorem
1305 1833 1386 1858 me-

242 1885 269 1903 “
297 1894 376 1926 um,
405 1881 507 1931 apud
541 1895 654 1931 quem
691 1882 863 1920 ordinem
897 1883 1005 1928 duxi,
1045 1885 1204 1933 ejusque
1237 1882 1387 1920 exerci-

241 1947 269 1965 “
297 1949 393 1987 tum,
413 1955 484 1993 pro
501 1945 610 1991 cujus
623 1943 810 1993 dignitate
828 1943 1064 1994 victoriaque
1077 1943 1238 1994 amplius
1253 1955 1385 1981 xxxw

241 2008 268 2027 “
296 2004 404 2040 annis
423 2004 654 2053 depugnavi,
688 2004 866 2041 adversus
885 2012 1130 2055 armatusque
1150 2005 1355 2043 consistam
1371 2005 1386 2042 ἓ

241 2069 266 2087 “
295 2065 432 2114 Neque
465 2078 538 2114 ego
572 2064 674 2101 istud
705 2065 876 2102 facturus
896 2079 991 2109 sum,
1019 2072 1059 2102 et
1079 2073 1117 2103 te
1136 2078 1384 2117 magnopere,

240 2129 266 2148 “
294 2132 336 2162 ut
368 2126 415 2163 de
447 2126 603 2175 negotio
623 2126 795 2171 desistas,
826 2126 1031 2164 adhortor:
1060 2134 1196 2164 contra
1212 2129 1323 2177 cujus
1343 2140 1383 2164 e-

239 2190 266 2208 “
295 2187 371 2223 nim
402 2187 532 2237 copias
552 2187 775 2233 contendas,
796 2188 825 2223 si
845 2187 968 2225 minus
987 2194 1100 2225 antea
1118 2195 1301 2238 expertus
1327 2200 1383 2233 eS,

241 2252 266 2269 “
295 2247 385 2284 licet
417 2261 518 2285 nuuc
539 2261 761 2298 cognoscas.
818 2248 929 2299 Elige
948 2261 995 2285 ex
1018 2249 1093 2286 tuis
1121 2248 1320 2286 cohortem
1341 2262 1382 2286 u-

236 2313 266 2331 ⁴‘
294 2321 395 2354 nam,
428 2322 539 2360 quam
574 2316 684 2359 putas
705 2322 787 2347 esse
819 2310 1082 2357 firmissimam,
1119 2317 1159 2347 et
1193 2309 1384 2348 constitue
