1472 2664
326 283 401 322 DE
428 283 606 323 BELLO
633 285 772 325 HISP.
798 284 974 324 LIBER.
1145 289 1219 326 235

83 387 167 434 mis,
193 387 502 425 circumcludunt
529 388 703 427 Caesaris
729 389 892 440 equites,
925 396 965 427 et
991 388 1216 435 concidunt,

81 449 151 494 sic,
181 455 224 486 ut
241 447 306 485 vix
324 447 363 484 in
382 461 428 486 ea
445 449 563 487 caede
581 450 693 500 pauci
712 449 938 501 effugerent.

131 507 221 545 VII.
274 508 497 559 Insequenti
523 517 640 548 nocte
659 518 783 548 castra
808 523 877 549 sua
905 510 1076 549 incendit
1105 510 1217 548 Pom·

80 567 203 618 peius,
221 574 261 605 et
278 575 382 606 trans
400 569 543 607 flumen
565 569 713 607 Salsum
733 583 802 621 per
819 570 1011 608 convalles
1025 576 1149 607 castra
1163 569 1219 605 in-

81 638 139 667 ter
165 630 242 667 duo
260 630 414 681 oppida,
435 630 629 680 Ateguam
656 638 696 668 et
715 629 897 676 Ucubim,
917 630 956 667 in
974 637 1106 667 monte
1125 642 1217 667 con·

79 690 213 727 stituit.
268 691 408 728 Caesar
427 691 466 727 in
483 690 774 738 munitionibus,
802 691 1032 742 ceterisque,
1051 703 1150 741 quae
1169 690 1219 727 ad

77 750 261 802 oppidum
290 752 591 802 oppugnandum
621 764 718 802 opus
749 751 920 798 fuerunt,
953 764 1135 802 aggerem
1164 749 1218 786 vi-

77 823 244 862 neasque
270 825 383 862 agere
414 812 589 850 instituit.
643 812 756 850 Haec
782 812 869 851 loca
886 819 975 849 sunt
1002 818 1216 855 montuosa,

76 879 117 909 et
135 880 270 910 natura
296 872 400 910 edita
418 873 466 910 ad
485 885 565 910 rem
584 872 800 919 militarem,
828 886 927 923 quae
945 872 1104 923 planitie
1123 871 1217 908 divi·

77 932 220 969 duntur
249 933 356 970 Salso
381 933 559 977 flumine;
588 933 763 984 proxime
782 941 909 971 tamen
937 934 1146 982 Ateguam,
1177 939 1219 968 ut

77 993 126 1030 ad
152 994 294 1031 flumen
319 994 394 1031 sint
420 993 573 1032 circiter
592 1006 770 1044 passuum
798 994 874 1031 duo
900 993 1029 1031 millia.
1083 993 1144 1030 Ex
1173 1005 1219 1030 ea

77 1054 235 1104 regione
254 1054 384 1105 oppidi
403 1054 443 1091 in
461 1054 655 1092 montibus
674 1061 797 1092 castra
810 1054 943 1091 habuit
961 1054 1085 1105 posita
1105 1053 1218 1091 Pom-

75 1114 198 1165 peius,
229 1114 269 1151 in
296 1121 508 1165 conspectu
539 1122 788 1165 utrorumque
817 1114 1060 1165 oppidorum,
1090 1126 1217 1164 neque

76 1174 152 1212 suis
178 1187 291 1212 ausus
309 1183 368 1212 est
394 1174 563 1212 subsidio
590 1174 733 1212 venire.
786 1174 949 1225 Aquilas
967 1183 1007 1212 et
1024 1175 1133 1225 signa
1151 1174 1218 1211 ha·

76 1235 160 1274 buit
187 1247 269 1273 x111
298 1235 515 1286 legionum:
552 1235 634 1281 sed,
666 1248 716 1272 ex
746 1235 884 1286 quibus
915 1235 1059 1286 aliquid
1090 1235 1217 1272 firma·

74 1296 194 1334 menti
217 1309 258 1334 se
276 1296 519 1334 existimabat
538 1296 695 1341 habere,
727 1295 826 1333 duae
845 1295 1001 1333 suerunt
1029 1308 1216 1334 vernacu-

74 1357 148 1402 lae,
166 1370 264 1409 quae
283 1370 306 1394 a
320 1356 514 1394 Trebonio
534 1356 841 1406 transfugerant3
869 1369 945 1393 una
963 1356 1064 1394 facta
1081 1369 1131 1394 ex
1151 1370 1217 1395 co·

73 1417 198 1464 Ioniis,
217 1430 315 1468 quae
333 1416 490 1455 fuerunt
508 1417 547 1454 in
567 1417 625 1454 his
644 1417 888 1468 regionibus;
915 1424 1050 1467 quarta
1067 1417 1140 1454 suit
1161 1418 1217 1455 A-

73 1476 244 1516 franiana
262 1490 311 1515 ex
331 1477 480 1524 Africa,
499 1490 613 1528 quam
631 1490 764 1516 secum
781 1477 1020 1521 adduxerat;
1046 1477 1218 1529 reliquae

75 1551 125 1576 ex
143 1538 312 1589 fugitivis
337 1538 540 1576 auxiliares
559 1538 843 1577 consistebant:
871 1551 973 1583 nam,
999 1537 1047 1576 de
1064 1537 1140 1575 levi
1157 1551 1219 1576 ar-

72 1606 221 1636 matura
238 1605 278 1635 et
296 1598 483 1649 equitatu,
502 1599 616 1650 longe
636 1606 677 1637 et
694 1599 836 1636 virtute
855 1606 895 1637 et
913 1611 1074 1636 numero
1093 1597 1215 1636 nostri

74 1668 184 1698 erant
201 1659 428 1711 superiores.

124 1720 235 1758 VIII.
289 1720 518 1758 Accedebat
536 1719 626 1766 huc,
655 1727 698 1758 ut
716 1719 867 1771 longius
892 1719 1036 1758 bellum
1054 1719 1216 1758 duceret

74 1782 294 1833 Pompeius,
313 1781 416 1832 quod
434 1781 522 1819 loca
539 1788 628 1818 sunt
641 1780 759 1826 edita,
779 1787 818 1818 et
832 1780 881 1818 ad
901 1787 1112 1818 castrorum
1132 1793 1215 1818 mu-

73 1842 237 1880 nitiones
255 1854 332 1879 non
352 1853 486 1892 parum
506 1841 666 1878 idonea:
685 1853 774 1878 nam
792 1840 873 1877 fere
891 1839 1008 1877 totius
1024 1839 1215 1877 ulterioris

72 1902 285 1953 Hispaniae
301 1902 420 1952 regio,
440 1908 599 1953 propter
613 1908 737 1939 terrae
751 1900 1042 1945 fecunditatem,
1060 1899 1214 1950 inopem

71 1963 339 2013 difficilemque
359 1962 475 2000 habet
494 1962 833 2013 oppugnationem,
852 1968 893 1998 et
911 1972 988 1997 non
1006 1960 1130 1997 minus
1149 1972 1215 1997 co-

71 2023 216 2074 piosam
235 2023 493 2074 aquationem.
546 2022 626 2060 Hic
644 2022 759 2060 etiam
787 2027 944 2072 propter
965 2020 1213 2058 barbarorum

72 2083 224 2120 crebras
243 2082 489 2120 excursiones
508 2081 636 2120 omnia
653 2083 750 2127 loca,
774 2093 871 2132 quae
890 2088 979 2118 sunt
996 2081 1043 2118 ab
1063 2081 1214 2132 oppidis

71 2150 232 2189 remota,
252 2143 420 2180 turribus
438 2150 478 2180 et
496 2142 770 2181 munitionibus
790 2142 1016 2188 retinentur,
1042 2149 1095 2188 et,
1113 2142 1214 2180 sicut

72 2204 111 2240 in
133 2203 279 2250 Africa,
299 2203 452 2249 rudere,
470 2216 547 2241 non
562 2203 714 2254 tegulis,
734 2211 938 2254 teguntur:
967 2203 1155 2255 simulque
1175 2204 1212 2241 in

69 2263 128 2300 his
146 2264 289 2302 habent
309 2264 498 2316 specula,
525 2272 565 2302 et
589 2271 747 2316 propter
765 2264 1005 2303 altitudinem
1025 2265 1138 2315 longe
1158 2264 1212 2302 la-

70 2332 185 2376 teque
205 2325 454 2377 prospiciunt.
501 2323 599 2363 Item
617 2325 849 2376 oppidorum
867 2338 1006 2377 magna
1024 2338 1112 2377 pars
1129 2327 1211 2377 ejus
