<?xml version="1.0" encoding="UTF-8"?>
<!DOCTYPE html PUBLIC "-//W3C//DTD XHTML 1.0 Transitional//EN"
    "http://www.w3.org/TR/xhtml1/DTD/xhtml1-transitional.dtd">
<html xmlns="http://www.w3.org/1999/xhtml" xml:lang="en" lang="en">
 <head>
  <title>
</title>
<meta http-equiv="Content-Type" content="text/html;charset=utf-8" />
  <meta name='ocr-system' content='tesseract 3.04.00' />
  <meta name='ocr-capabilities' content='ocr_page ocr_carea ocr_par ocr_line ocrx_word'/>
</head>
<body>
  <div class='ocr_page' id='page_1' title='image "./debellogallicoet02caesuoft_0083.png"; bbox 0 0 1472 2664; ppageno 0'>
   <div class='ocr_carea' id='block_1_1' title="bbox 535 273 1242 313">
    <p class='ocr_par' dir='ltr' id='par_1_1' title="bbox 535 273 1242 313">
     <span class='ocr_line' id='line_1_1' title="bbox 535 273 1242 313; baseline 0 -2"><span class='ocrx_word' id='word_1_1' title='bbox 535 273 700 311; x_wconf 88' lang='lat' dir='ltr'><strong>LIBER</strong></span> <span class='ocrx_word' id='word_1_2' title='bbox 754 274 827 311; x_wconf 90' lang='lat'>111.</span> <span class='ocrx_word' id='word_1_3' title='bbox 1195 276 1242 313; x_wconf 90' lang='lat'>61</span> 
     </span>
    </p>
   </div>
   <div class='ocr_carea' id='block_1_2' title="bbox 104 375 1259 2362">
    <p class='ocr_par' dir='ltr' id='par_1_2' title="bbox 106 375 1253 1031">
     <span class='ocr_line' id='line_1_2' title="bbox 108 375 1248 427; baseline -0.001 -13"><span class='ocrx_word' id='word_1_4' title='bbox 108 390 204 422; x_wconf 90' lang='lat' dir='ltr'>rum,</span> <span class='ocrx_word' id='word_1_5' title='bbox 233 388 498 427; x_wconf 83' lang='lat' dir='ltr'><strong>quemcunque</strong></span> <span class='ocrx_word' id='word_1_6' title='bbox 525 375 560 413; x_wconf 92' lang='lat' dir='ltr'>ei</span> <span class='ocrx_word' id='word_1_7' title='bbox 587 376 743 414; x_wconf 85' lang='lat' dir='ltr'>fortuna</span> <span class='ocrx_word' id='word_1_8' title='bbox 775 376 983 413; x_wconf 77' lang='lat' dir='ltr'><strong>tribuisset.</strong></span> <span class='ocrx_word' id='word_1_9' title='bbox 1036 375 1127 413; x_wconf 87' lang='lat' dir='ltr'>Hoc</span> <span class='ocrx_word' id='word_1_10' title='bbox 1145 375 1248 413; x_wconf 88' lang='lat' dir='ltr'>idem</span> 
     </span>
     <span class='ocr_line' id='line_1_3' title="bbox 107 436 1253 488; baseline 0 -14"><span class='ocrx_word' id='word_1_11' title='bbox 107 438 242 488; x_wconf 83' lang='lat' dir='ltr'>reliqui</span> <span class='ocrx_word' id='word_1_12' title='bbox 257 439 386 487; x_wconf 84' lang='lat' dir='ltr'>jurant</span> <span class='ocrx_word' id='word_1_13' title='bbox 404 437 518 486; x_wconf 86' lang='lat' dir='ltr'>legati</span> <span class='ocrx_word' id='word_1_14' title='bbox 535 450 545 472; x_wconf 71' lang='grc' dir='ltr'><strong>ι</strong></span> <span class='ocrx_word' id='word_1_15' title='bbox 568 436 638 474; x_wconf 88' lang='lat' dir='ltr'>hos</span> <span class='ocrx_word' id='word_1_16' title='bbox 658 437 798 474; x_wconf 87' lang='lat' dir='ltr'>tribuni</span> <span class='ocrx_word' id='word_1_17' title='bbox 818 437 978 473; x_wconf 87' lang='lat' dir='ltr'>militum</span> <span class='ocrx_word' id='word_1_18' title='bbox 999 436 1253 479; x_wconf 72' lang='lat' dir='ltr'>centuriones,</span> 
     </span>
     <span class='ocr_line' id='line_1_4' title="bbox 107 497 1245 548; baseline -0.002 -13"><span class='ocrx_word' id='word_1_19' title='bbox 107 512 181 548; x_wconf 91' lang='lat' dir='ltr'>que</span> <span class='ocrx_word' id='word_1_20' title='bbox 210 504 444 548; x_wconf 88' lang='lat' dir='ltr'>sequuntur;</span> <span class='ocrx_word' id='word_1_21' title='bbox 476 505 591 548; x_wconf 89' lang='lat' dir='ltr'>atque</span> <span class='ocrx_word' id='word_1_22' title='bbox 619 497 718 534; x_wconf 84' lang='lat' dir='ltr'>idem</span> <span class='ocrx_word' id='word_1_23' title='bbox 751 498 872 534; x_wconf 84' lang='lat' dir='ltr'>omnis</span> <span class='ocrx_word' id='word_1_24' title='bbox 909 497 1101 535; x_wconf 78' lang='lat' dir='ltr'>exercitus</span> <span class='ocrx_word' id='word_1_25' title='bbox 1128 498 1245 546; x_wconf 81' lang='lat' dir='ltr'>jurat.</span> 
     </span>
     <span class='ocr_line' id='line_1_5' title="bbox 106 557 1247 608; baseline -0.002 -12"><span class='ocrx_word' id='word_1_26' title='bbox 106 559 262 603; x_wconf 80' lang='lat' dir='ltr'>Caesar,</span> <span class='ocrx_word' id='word_1_27' title='bbox 289 565 571 608; x_wconf 87' lang='lat' dir='ltr'>praeoccupato</span> <span class='ocrx_word' id='word_1_28' title='bbox 591 557 727 594; x_wconf 90' lang='lat' dir='ltr'>itinere</span> <span class='ocrx_word' id='word_1_29' title='bbox 746 558 794 594; x_wconf 92' lang='lat' dir='ltr'>ad</span> <span class='ocrx_word' id='word_1_30' title='bbox 815 558 1112 608; x_wconf 76' lang='lat' dir='ltr'><strong>Dyrrhachium,</strong></span> <span class='ocrx_word' id='word_1_31' title='bbox 1132 557 1247 594; x_wconf 89' lang='lat' dir='ltr'>finem</span> 
     </span>
     <span class='ocr_line' id='line_1_6' title="bbox 107 618 1251 669; baseline 0.001 -14"><span class='ocrx_word' id='word_1_32' title='bbox 107 618 334 669; x_wconf 85' lang='lat' dir='ltr'>properandi</span> <span class='ocrx_word' id='word_1_33' title='bbox 364 618 470 663; x_wconf 83' lang='lat' dir='ltr'>facit,</span> <span class='ocrx_word' id='word_1_34' title='bbox 498 626 698 668; x_wconf 87' lang='lat' dir='ltr'>castraque</span> <span class='ocrx_word' id='word_1_35' title='bbox 717 618 766 655; x_wconf 88' lang='lat' dir='ltr'>ad</span> <span class='ocrx_word' id='word_1_36' title='bbox 784 618 927 656; x_wconf 88' lang='lat' dir='ltr'>flumen</span> <span class='ocrx_word' id='word_1_37' title='bbox 956 620 1105 669; x_wconf 88' lang='lat' dir='ltr'><strong>Apsum</strong></span> <span class='ocrx_word' id='word_1_38' title='bbox 1139 618 1251 668; x_wconf 50' lang='lat' dir='ltr'>pouit¹</span> 
     </span>
     <span class='ocr_line' id='line_1_7' title="bbox 108 678 1246 728; baseline 0.001 -14"><span class='ocrx_word' id='word_1_39' title='bbox 108 679 145 715; x_wconf 86' lang='lat' dir='ltr'>in</span> <span class='ocrx_word' id='word_1_40' title='bbox 166 679 301 716; x_wconf 82' lang='lat' dir='ltr'>finibus</span> <span class='ocrx_word' id='word_1_41' title='bbox 324 678 639 728; x_wconf 85' lang='lat' dir='ltr'>Apolloniatium,</span> <span class='ocrx_word' id='word_1_42' title='bbox 668 685 712 715; x_wconf 93' lang='lat' dir='ltr'>ut</span> <span class='ocrx_word' id='word_1_43' title='bbox 731 678 894 715; x_wconf 82' lang='lat' dir='ltr'>castellis</span> <span class='ocrx_word' id='word_1_44' title='bbox 914 678 1128 728; x_wconf 89' lang='lat' dir='ltr'>vigiliisque</span> <span class='ocrx_word' id='word_1_45' title='bbox 1147 679 1246 715; x_wconf 87' lang='lat' dir='ltr'>bene</span> 
     </span>
     <span class='ocr_line' id='line_1_8' title="bbox 107 738 1247 788; baseline 0 -13"><span class='ocrx_word' id='word_1_46' title='bbox 107 739 266 776; x_wconf 86' lang='lat' dir='ltr'>meritae</span> <span class='ocrx_word' id='word_1_47' title='bbox 294 739 467 776; x_wconf 85' lang='lat' dir='ltr'>civitates</span> <span class='ocrx_word' id='word_1_48' title='bbox 486 747 591 776; x_wconf 88' lang='lat' dir='ltr'>tutae</span> <span class='ocrx_word' id='word_1_49' title='bbox 619 746 746 776; x_wconf 82' lang='lat' dir='ltr'><strong>essent</strong></span> <span class='ocrx_word' id='word_1_50' title='bbox 773 739 983 788; x_wconf 79' lang='lat' dir='ltr'>praesidi03</span> <span class='ocrx_word' id='word_1_51' title='bbox 1011 738 1140 788; x_wconf 82' lang='lat' dir='ltr'>ibique</span> <span class='ocrx_word' id='word_1_52' title='bbox 1159 738 1247 776; x_wconf 91' lang='lat' dir='ltr'>reli-</span> 
     </span>
     <span class='ocr_line' id='line_1_9' title="bbox 107 799 1244 850; baseline -0.002 -13"><span class='ocrx_word' id='word_1_53' title='bbox 107 813 265 850; x_wconf 84' lang='lat' dir='ltr'>quarum</span> <span class='ocrx_word' id='word_1_54' title='bbox 285 812 335 836; x_wconf 85' lang='lat' dir='ltr'>ex</span> <span class='ocrx_word' id='word_1_55' title='bbox 355 799 466 836; x_wconf 86' lang='lat' dir='ltr'>Italia</span> <span class='ocrx_word' id='word_1_56' title='bbox 493 800 687 849; x_wconf 79' lang='lat' dir='ltr'>legionum</span> <span class='ocrx_word' id='word_1_57' title='bbox 707 799 910 836; x_wconf 85' lang='lat' dir='ltr'>adventum</span> <span class='ocrx_word' id='word_1_58' title='bbox 931 807 1172 849; x_wconf 84' lang='lat' dir='ltr'>exspectare,</span> <span class='ocrx_word' id='word_1_59' title='bbox 1206 806 1244 836; x_wconf 88' lang='lat' dir='ltr'>et</span> 
     </span>
     <span class='ocr_line' id='line_1_10' title="bbox 106 859 1246 910; baseline -0.002 -12"><span class='ocrx_word' id='word_1_60' title='bbox 106 861 176 898; x_wconf 88' lang='lat' dir='ltr'>sub</span> <span class='ocrx_word' id='word_1_61' title='bbox 197 861 358 910; x_wconf 87' lang='lat' dir='ltr'>pellibus</span> <span class='ocrx_word' id='word_1_62' title='bbox 372 861 553 905; x_wconf 82' lang='lat' dir='ltr'>hiemare,</span> <span class='ocrx_word' id='word_1_63' title='bbox 573 860 784 897; x_wconf 86' lang='lat' dir='ltr'>constituit.</span> <span class='ocrx_word' id='word_1_64' title='bbox 818 860 907 896; x_wconf 90' lang='lat' dir='ltr'>Hoc</span> <span class='ocrx_word' id='word_1_65' title='bbox 924 860 1022 896; x_wconf 86' lang='lat' dir='ltr'>idem</span> <span class='ocrx_word' id='word_1_66' title='bbox 1042 859 1246 910; x_wconf 85' lang='lat' dir='ltr'>Pompeius</span> 
     </span>
     <span class='ocr_line' id='line_1_11' title="bbox 106 919 1249 970; baseline 0.003 -14"><span class='ocrx_word' id='word_1_67' title='bbox 106 919 221 962; x_wconf 86' lang='lat' dir='ltr'>fecit;</span> <span class='ocrx_word' id='word_1_68' title='bbox 253 928 305 966; x_wconf 86' lang='lat' dir='ltr'>et,</span> <span class='ocrx_word' id='word_1_69' title='bbox 334 928 437 958; x_wconf 88' lang='lat' dir='ltr'>trans</span> <span class='ocrx_word' id='word_1_70' title='bbox 455 921 598 957; x_wconf 89' lang='lat' dir='ltr'>flumen</span> <span class='ocrx_word' id='word_1_71' title='bbox 620 922 768 970; x_wconf 87' lang='lat' dir='ltr'>Apsum</span> <span class='ocrx_word' id='word_1_72' title='bbox 788 921 920 970; x_wconf 87' lang='lat' dir='ltr'>positis</span> <span class='ocrx_word' id='word_1_73' title='bbox 940 921 1088 966; x_wconf 87' lang='lat' dir='ltr'>castris,</span> <span class='ocrx_word' id='word_1_74' title='bbox 1117 933 1163 958; x_wconf 87' lang='lat' dir='ltr'>eo</span> <span class='ocrx_word' id='word_1_75' title='bbox 1184 934 1249 959; x_wconf 86' lang='lat' dir='ltr'>co-</span> 
     </span>
     <span class='ocr_line' id='line_1_12' title="bbox 108 980 793 1031; baseline 0 -15"><span class='ocrx_word' id='word_1_76' title='bbox 108 980 188 1030; x_wconf 85' lang='lat' dir='ltr'>pias</span> <span class='ocrx_word' id='word_1_77' title='bbox 208 993 340 1017; x_wconf 89' lang='lat' dir='ltr'>omnes</span> <span class='ocrx_word' id='word_1_78' title='bbox 359 980 575 1031; x_wconf 88' lang='lat' dir='ltr'>auxiliaque</span> <span class='ocrx_word' id='word_1_79' title='bbox 596 980 793 1018; x_wconf 89' lang='lat' dir='ltr'>conduxit.</span> 
     </span>
    </p>

    <p class='ocr_par' dir='ltr' id='par_1_3' title="bbox 104 1039 1256 1867">
     <span class='ocr_line' id='line_1_13' title="bbox 158 1039 1244 1090; baseline -0.001 -13"><span class='ocrx_word' id='word_1_80' title='bbox 158 1040 215 1076; x_wconf 89' lang='lat' dir='ltr'>XI</span> <span class='ocrx_word' id='word_1_81' title='bbox 225 1039 266 1077; x_wconf 89' lang='lat' dir='ltr'>V.</span> <span class='ocrx_word' id='word_1_82' title='bbox 318 1040 501 1085; x_wconf 85' lang='lat' dir='ltr'>Kaleuus,</span> <span class='ocrx_word' id='word_1_83' title='bbox 529 1040 742 1090; x_wconf 84' lang='lat' dir='ltr'>legionibus</span> <span class='ocrx_word' id='word_1_84' title='bbox 762 1040 1032 1090; x_wconf 83' lang='lat' dir='ltr'>equitibusque</span> <span class='ocrx_word' id='word_1_85' title='bbox 1051 1040 1244 1077; x_wconf 72' lang='lat' dir='ltr'>Brundisii</span> 
     </span>
     <span class='ocr_line' id='line_1_14' title="bbox 108 1101 1243 1151; baseline 0.001 -15"><span class='ocrx_word' id='word_1_86' title='bbox 108 1101 147 1136; x_wconf 91' lang='lat' dir='ltr'>in</span> <span class='ocrx_word' id='word_1_87' title='bbox 159 1114 272 1138; x_wconf 90' lang='lat' dir='ltr'>naves</span> <span class='ocrx_word' id='word_1_88' title='bbox 285 1101 481 1151; x_wconf 73' lang='lat' dir='ltr'>impositiS,</span> <span class='ocrx_word' id='word_1_89' title='bbox 490 1107 533 1137; x_wconf 89' lang='lat' dir='ltr'>ut</span> <span class='ocrx_word' id='word_1_90' title='bbox 544 1108 626 1138; x_wconf 88' lang='lat' dir='ltr'>erat</span> <span class='ocrx_word' id='word_1_91' title='bbox 637 1111 815 1150; x_wconf 72' lang='lat' dir='ltr'>praecepi</span> <span class='ocrx_word' id='word_1_92' title='bbox 825 1114 884 1137; x_wconf 89' lang='lat' dir='ltr'>um</span> <span class='ocrx_word' id='word_1_93' title='bbox 899 1113 920 1137; x_wconf 92' lang='lat' dir='ltr'>a</span> <span class='ocrx_word' id='word_1_94' title='bbox 933 1101 1110 1146; x_wconf 81' lang='lat' dir='ltr'>Caesare,</span> <span class='ocrx_word' id='word_1_95' title='bbox 1126 1114 1243 1151; x_wconf 87' lang='lat' dir='ltr'>quan-</span> 
     </span>
     <span class='ocr_line' id='line_1_15' title="bbox 107 1161 1248 1212; baseline 0.001 -14"><span class='ocrx_word' id='word_1_96' title='bbox 107 1170 187 1199; x_wconf 89' lang='lat' dir='ltr'>tum</span> <span class='ocrx_word' id='word_1_97' title='bbox 201 1162 350 1199; x_wconf 81' lang='lat' dir='ltr'>navium</span> <span class='ocrx_word' id='word_1_98' title='bbox 362 1161 580 1198; x_wconf 82' lang='lat' dir='ltr'>facultatem</span> <span class='ocrx_word' id='word_1_99' title='bbox 598 1161 779 1204; x_wconf 84' lang='lat' dir='ltr'>babebat;</span> <span class='ocrx_word' id='word_1_100' title='bbox 794 1174 910 1198; x_wconf 78' lang='lat' dir='ltr'>naves</span> <span class='ocrx_word' id='word_1_101' title='bbox 921 1161 1046 1206; x_wconf 86' lang='lat' dir='ltr'>solvit,</span> <span class='ocrx_word' id='word_1_102' title='bbox 1060 1162 1248 1212; x_wconf 84' lang='lat' dir='ltr'>paullum-</span> 
     </span>
     <span class='ocr_line' id='line_1_16' title="bbox 104 1222 1244 1273; baseline 0.002 -15"><span class='ocrx_word' id='word_1_103' title='bbox 104 1235 180 1272; x_wconf 85' lang='lat' dir='ltr'>que</span> <span class='ocrx_word' id='word_1_104' title='bbox 201 1235 423 1272; x_wconf 86' lang='lat' dir='ltr'>progressus</span> <span class='ocrx_word' id='word_1_105' title='bbox 441 1234 462 1258; x_wconf 89' lang='lat' dir='ltr'>a</span> <span class='ocrx_word' id='word_1_106' title='bbox 480 1229 594 1272; x_wconf 90' lang='lat' dir='ltr'>portu</span> <span class='ocrx_word' id='word_1_107' title='bbox 613 1222 740 1258; x_wconf 83' lang='lat' dir='ltr'>literas</span> <span class='ocrx_word' id='word_1_108' title='bbox 760 1234 782 1258; x_wconf 89' lang='lat' dir='ltr'>a</span> <span class='ocrx_word' id='word_1_109' title='bbox 803 1222 966 1260; x_wconf 83' lang='lat' dir='ltr'>Caesare</span> <span class='ocrx_word' id='word_1_110' title='bbox 985 1222 1140 1272; x_wconf 87' lang='lat' dir='ltr'>accipit,</span> <span class='ocrx_word' id='word_1_111' title='bbox 1161 1223 1244 1273; x_wconf 86' lang='lat' dir='ltr'>qui-</span> 
     </span>
     <span class='ocr_line' id='line_1_17' title="bbox 106 1281 1248 1332; baseline 0.002 -14"><span class='ocrx_word' id='word_1_112' title='bbox 106 1282 178 1318; x_wconf 85' lang='lat' dir='ltr'>bus</span> <span class='ocrx_word' id='word_1_113' title='bbox 197 1290 255 1319; x_wconf 90' lang='lat' dir='ltr'>est</span> <span class='ocrx_word' id='word_1_114' title='bbox 274 1282 414 1319; x_wconf 88' lang='lat' dir='ltr'>certior</span> <span class='ocrx_word' id='word_1_115' title='bbox 431 1281 568 1326; x_wconf 87' lang='lat' dir='ltr'>factus,</span> <span class='ocrx_word' id='word_1_116' title='bbox 596 1289 728 1332; x_wconf 90' lang='lat' dir='ltr'>portus</span> <span class='ocrx_word' id='word_1_117' title='bbox 747 1282 952 1332; x_wconf 78' lang='lat' dir='ltr'>littoraque</span> <span class='ocrx_word' id='word_1_118' title='bbox 973 1283 1100 1320; x_wconf 86' lang='lat' dir='ltr'>omnia</span> <span class='ocrx_word' id='word_1_119' title='bbox 1119 1284 1248 1320; x_wconf 83' lang='lat' dir='ltr'>classi·</span> 
     </span>
     <span class='ocr_line' id='line_1_18' title="bbox 106 1342 1245 1395; baseline 0.004 -17"><span class='ocrx_word' id='word_1_120' title='bbox 106 1342 177 1379; x_wconf 90' lang='lat' dir='ltr'>bus</span> <span class='ocrx_word' id='word_1_121' title='bbox 195 1342 494 1380; x_wconf 85' lang='lat' dir='ltr'>adversariorum</span> <span class='ocrx_word' id='word_1_122' title='bbox 514 1342 649 1379; x_wconf 89' lang='lat' dir='ltr'>teneri.</span> <span class='ocrx_word' id='word_1_123' title='bbox 685 1343 772 1384; x_wconf 81' lang='lat' dir='ltr'>Quo</span> <span class='ocrx_word' id='word_1_124' title='bbox 793 1344 964 1393; x_wconf 86' lang='lat' dir='ltr'>cognito,</span> <span class='ocrx_word' id='word_1_125' title='bbox 983 1356 1022 1380; x_wconf 79' lang='lat' dir='ltr'>se</span> <span class='ocrx_word' id='word_1_126' title='bbox 1040 1345 1075 1380; x_wconf 91' lang='lat' dir='ltr'>in</span> <span class='ocrx_word' id='word_1_127' title='bbox 1092 1353 1245 1395; x_wconf 87' lang='lat' dir='ltr'>portum</span> 
     </span>
     <span class='ocr_line' id='line_1_19' title="bbox 107 1402 1245 1455; baseline 0.004 -16"><span class='ocrx_word' id='word_1_128' title='bbox 107 1402 256 1452; x_wconf 86' lang='lat' dir='ltr'>recipit,</span> <span class='ocrx_word' id='word_1_129' title='bbox 286 1415 476 1453; x_wconf 89' lang='lat' dir='ltr'>navesque</span> <span class='ocrx_word' id='word_1_130' title='bbox 507 1416 638 1440; x_wconf 88' lang='lat' dir='ltr'>omnes</span> <span class='ocrx_word' id='word_1_131' title='bbox 658 1411 824 1441; x_wconf 86' lang='lat' dir='ltr'>revocat.</span> <span class='ocrx_word' id='word_1_132' title='bbox 882 1404 970 1442; x_wconf 86' lang='lat' dir='ltr'>Una</span> <span class='ocrx_word' id='word_1_133' title='bbox 987 1418 1036 1442; x_wconf 84' lang='lat' dir='ltr'>ex</span> <span class='ocrx_word' id='word_1_134' title='bbox 1055 1405 1113 1449; x_wconf 88' lang='lat' dir='ltr'>iis,</span> <span class='ocrx_word' id='word_1_135' title='bbox 1147 1419 1245 1455; x_wconf 81' lang='lat' dir='ltr'>quae</span> 
     </span>
     <span class='ocr_line' id='line_1_20' title="bbox 107 1463 1256 1516; baseline 0.003 -16"><span class='ocrx_word' id='word_1_136' title='bbox 107 1464 376 1514; x_wconf 84' lang='lat' dir='ltr'>perseveravit,</span> <span class='ocrx_word' id='word_1_137' title='bbox 421 1476 546 1513; x_wconf 85' lang='lat' dir='ltr'>neque</span> <span class='ocrx_word' id='word_1_138' title='bbox 582 1463 743 1513; x_wconf 89' lang='lat' dir='ltr'>irnperio</span> <span class='ocrx_word' id='word_1_139' title='bbox 781 1463 920 1500; x_wconf 82' lang='lat' dir='ltr'>Kaleni</span> <span class='ocrx_word' id='word_1_140' title='bbox 957 1466 1256 1516; x_wconf 59' lang='lat' dir='ltr'>obtemperavit,</span> 
     </span>
     <span class='ocr_line' id='line_1_21' title="bbox 108 1523 1249 1574; baseline 0.003 -14"><span class='ocrx_word' id='word_1_141' title='bbox 108 1523 211 1574; x_wconf 92' lang='lat' dir='ltr'>quod</span> <span class='ocrx_word' id='word_1_142' title='bbox 230 1531 312 1560; x_wconf 90' lang='lat' dir='ltr'>erat</span> <span class='ocrx_word' id='word_1_143' title='bbox 330 1524 411 1560; x_wconf 89' lang='lat' dir='ltr'>sine</span> <span class='ocrx_word' id='word_1_144' title='bbox 430 1523 627 1568; x_wconf 89' lang='lat' dir='ltr'>militibus,</span> <span class='ocrx_word' id='word_1_145' title='bbox 646 1523 870 1574; x_wconf 86' lang='lat' dir='ltr'>privatoque</span> <span class='ocrx_word' id='word_1_146' title='bbox 891 1525 1050 1562; x_wconf 89' lang='lat' dir='ltr'>consilio</span> <span class='ocrx_word' id='word_1_147' title='bbox 1070 1526 1249 1563; x_wconf 87' lang='lat' dir='ltr'>adminis-</span> 
     </span>
     <span class='ocr_line' id='line_1_22' title="bbox 107 1583 1254 1637; baseline 0.003 -16"><span class='ocrx_word' id='word_1_148' title='bbox 107 1584 293 1629; x_wconf 83' lang='lat' dir='ltr'>trabatur,</span> <span class='ocrx_word' id='word_1_149' title='bbox 325 1583 451 1621; x_wconf 88' lang='lat' dir='ltr'>delata</span> <span class='ocrx_word' id='word_1_150' title='bbox 483 1583 642 1621; x_wconf 90' lang='lat' dir='ltr'>Oricum</span> <span class='ocrx_word' id='word_1_151' title='bbox 672 1592 787 1635; x_wconf 89' lang='lat' dir='ltr'>atque</span> <span class='ocrx_word' id='word_1_152' title='bbox 815 1598 838 1622; x_wconf 89' lang='lat' dir='ltr'>a</span> <span class='ocrx_word' id='word_1_153' title='bbox 866 1585 1003 1622; x_wconf 88' lang='lat' dir='ltr'>Bibulo</span> <span class='ocrx_word' id='word_1_154' title='bbox 1030 1596 1254 1637; x_wconf 78' lang='lat' dir='ltr'>expugnata¹</span> 
     </span>
     <span class='ocr_line' id='line_1_23' title="bbox 108 1644 1247 1697; baseline 0.004 -16"><span class='ocrx_word' id='word_1_155' title='bbox 108 1652 192 1682; x_wconf 87' lang='lat' dir='ltr'>est:</span> <span class='ocrx_word' id='word_1_156' title='bbox 221 1644 285 1695; x_wconf 88' lang='lat' dir='ltr'>qui</span> <span class='ocrx_word' id='word_1_157' title='bbox 304 1645 352 1681; x_wconf 85' lang='lat' dir='ltr'>de</span> <span class='ocrx_word' id='word_1_158' title='bbox 379 1644 495 1682; x_wconf 89' lang='lat' dir='ltr'>servis</span> <span class='ocrx_word' id='word_1_159' title='bbox 522 1644 727 1695; x_wconf 87' lang='lat' dir='ltr'>liberisque</span> <span class='ocrx_word' id='word_1_160' title='bbox 757 1646 932 1682; x_wconf 83' lang='lat' dir='ltr'>omnibus</span> <span class='ocrx_word' id='word_1_161' title='bbox 952 1646 1000 1683; x_wconf 88' lang='lat' dir='ltr'>ad</span> <span class='ocrx_word' id='word_1_162' title='bbox 1028 1646 1247 1697; x_wconf 87' lang='lat' dir='ltr'>impuberes</span> 
     </span>
     <span class='ocr_line' id='line_1_24' title="bbox 106 1704 1246 1756; baseline 0.003 -15"><span class='ocrx_word' id='word_1_163' title='bbox 106 1704 334 1755; x_wconf 88' lang='lat' dir='ltr'>supplicium</span> <span class='ocrx_word' id='word_1_164' title='bbox 354 1705 482 1749; x_wconf 89' lang='lat' dir='ltr'>sumit,</span> <span class='ocrx_word' id='word_1_165' title='bbox 518 1712 556 1741; x_wconf 86' lang='lat' dir='ltr'>et</span> <span class='ocrx_word' id='word_1_166' title='bbox 575 1705 624 1742; x_wconf 85' lang='lat' dir='ltr'>ad</span> <span class='ocrx_word' id='word_1_167' title='bbox 642 1718 758 1742; x_wconf 86' lang='lat' dir='ltr'>unum</span> <span class='ocrx_word' id='word_1_168' title='bbox 778 1705 969 1743; x_wconf 85' lang='lat' dir='ltr'>interficit.</span> <span class='ocrx_word' id='word_1_169' title='bbox 1024 1706 1084 1742; x_wconf 88' lang='lat' dir='ltr'>Ita</span> <span class='ocrx_word' id='word_1_170' title='bbox 1103 1706 1246 1756; x_wconf 85' lang='lat' dir='ltr'>exiguo</span> 
     </span>
     <span class='ocr_line' id='line_1_25' title="bbox 108 1765 1249 1815; baseline 0.004 -14"><span class='ocrx_word' id='word_1_171' title='bbox 108 1771 295 1814; x_wconf 83' lang='lat' dir='ltr'>tempore,</span> <span class='ocrx_word' id='word_1_172' title='bbox 331 1777 547 1815; x_wconf 84' lang='lat' dir='ltr'>magnoque</span> <span class='ocrx_word' id='word_1_173' title='bbox 568 1778 672 1810; x_wconf 87' lang='lat' dir='ltr'>casu,</span> <span class='ocrx_word' id='word_1_174' title='bbox 693 1765 810 1808; x_wconf 79' lang='lat' dir='ltr'>totius</span> <span class='ocrx_word' id='word_1_175' title='bbox 825 1766 1019 1804; x_wconf 83' lang='lat' dir='ltr'>exercitus</span> <span class='ocrx_word' id='word_1_176' title='bbox 1038 1765 1138 1803; x_wconf 82' lang='lat' dir='ltr'>salus</span> <span class='ocrx_word' id='word_1_177' title='bbox 1158 1779 1249 1805; x_wconf 87' lang='lat' dir='ltr'>con·</span> 
     </span>
     <span class='ocr_line' id='line_1_26' title="bbox 108 1831 936 1867; baseline 0.008 -7"><span class='ocrx_word' id='word_1_178' title='bbox 108 1831 218 1861; x_wconf 72' lang='lat' dir='ltr'>stitit.</span> <span class='ocrx_word' id='word_1_179' title='bbox 934 1864 936 1867; x_wconf 88' lang='lat'>.</span> 
     </span>
    </p>

    <p class='ocr_par' dir='ltr' id='par_1_4' title="bbox 107 1883 1259 2362">
     <span class='ocr_line' id='line_1_27' title="bbox 160 1883 1256 1936; baseline 0.004 -16"><span class='ocrx_word' id='word_1_180' title='bbox 160 1883 247 1921; x_wconf 87' lang='lat' dir='ltr'>XV.</span> <span class='ocrx_word' id='word_1_181' title='bbox 301 1884 474 1931; x_wconf 90' lang='lat' dir='ltr'>Bibulus,</span> <span class='ocrx_word' id='word_1_182' title='bbox 510 1893 553 1923; x_wconf 94' lang='lat' dir='ltr'>ut</span> <span class='ocrx_word' id='word_1_183' title='bbox 582 1898 697 1936; x_wconf 87' lang='lat' dir='ltr'>supra</span> <span class='ocrx_word' id='word_1_184' title='bbox 727 1886 1030 1924; x_wconf 86' lang='lat' dir='ltr'>demonstratum</span> <span class='ocrx_word' id='word_1_185' title='bbox 1062 1894 1134 1932; x_wconf 85' lang='lat' dir='ltr'>est,</span> <span class='ocrx_word' id='word_1_186' title='bbox 1167 1895 1256 1925; x_wconf 70' lang='lat' dir='ltr'>erat</span> 
     </span>
     <span class='ocr_line' id='line_1_28' title="bbox 108 1945 1258 1999; baseline 0.003 -17"><span class='ocrx_word' id='word_1_187' title='bbox 108 1957 197 1982; x_wconf 90' lang='lat' dir='ltr'>cum</span> <span class='ocrx_word' id='word_1_188' title='bbox 230 1945 350 1983; x_wconf 86' lang='lat' dir='ltr'>classe</span> <span class='ocrx_word' id='word_1_189' title='bbox 367 1946 416 1983; x_wconf 89' lang='lat' dir='ltr'>ad</span> <span class='ocrx_word' id='word_1_190' title='bbox 442 1946 625 1984; x_wconf 87' lang='lat' dir='ltr'>Oricum:</span> <span class='ocrx_word' id='word_1_191' title='bbox 664 1955 716 1992; x_wconf 91' lang='lat' dir='ltr'>et,</span> <span class='ocrx_word' id='word_1_192' title='bbox 748 1947 859 1985; x_wconf 88' lang='lat' dir='ltr'>sicuti</span> <span class='ocrx_word' id='word_1_193' title='bbox 886 1948 979 1984; x_wconf 88' lang='lat' dir='ltr'>mari</span> <span class='ocrx_word' id='word_1_194' title='bbox 1000 1948 1258 1999; x_wconf 84' lang='lat' dir='ltr'>portibusque·</span> 
     </span>
     <span class='ocr_line' id='line_1_29' title="bbox 109 2005 1247 2058; baseline 0.004 -16"><span class='ocrx_word' id='word_1_195' title='bbox 109 2005 311 2043; x_wconf 84' lang='lat' dir='ltr'>Caesarem</span> <span class='ocrx_word' id='word_1_196' title='bbox 342 2007 584 2056; x_wconf 88' lang='lat' dir='ltr'>prohibebat,</span> <span class='ocrx_word' id='word_1_197' title='bbox 618 2007 670 2045; x_wconf 90' lang='lat' dir='ltr'>ita</span> <span class='ocrx_word' id='word_1_198' title='bbox 689 2008 768 2058; x_wconf 88' lang='lat' dir='ltr'>ipse</span> <span class='ocrx_word' id='word_1_199' title='bbox 789 2008 891 2045; x_wconf 89' lang='lat' dir='ltr'>omni</span> <span class='ocrx_word' id='word_1_200' title='bbox 911 2016 1012 2045; x_wconf 88' lang='lat' dir='ltr'>terra</span> <span class='ocrx_word' id='word_1_201' title='bbox 1032 2021 1160 2046; x_wconf 87' lang='lat' dir='ltr'>earum</span> <span class='ocrx_word' id='word_1_202' title='bbox 1189 2022 1247 2046; x_wconf 85' lang='lat' dir='ltr'>re·</span> 
     </span>
     <span class='ocr_line' id='line_1_30' title="bbox 107 2065 1259 2120; baseline 0.004 -18"><span class='ocrx_word' id='word_1_203' title='bbox 107 2065 265 2116; x_wconf 85' lang='lat' dir='ltr'>gionum</span> <span class='ocrx_word' id='word_1_204' title='bbox 285 2067 571 2118; x_wconf 86' lang='lat' dir='ltr'>prohibebatur.</span> <span class='ocrx_word' id='word_1_205' title='bbox 614 2068 818 2106; x_wconf 90' lang='lat' dir='ltr'>Praesidiis</span> <span class='ocrx_word' id='word_1_206' title='bbox 838 2069 937 2107; x_wconf 86' lang='lat' dir='ltr'>enim</span> <span class='ocrx_word' id='word_1_207' title='bbox 958 2069 1150 2120; x_wconf 85' lang='lat' dir='ltr'>dispositis</span> <span class='ocrx_word' id='word_1_208' title='bbox 1170 2073 1259 2108; x_wconf 72' lang='lat' dir='ltr'>om-,</span> 
     </span>
     <span class='ocr_line' id='line_1_31' title="bbox 109 2126 1252 2180; baseline 0.005 -17"><span class='ocrx_word' id='word_1_209' title='bbox 109 2126 175 2169; x_wconf 79' lang='lat' dir='ltr'>uia</span> <span class='ocrx_word' id='word_1_210' title='bbox 186 2127 315 2165; x_wconf 87' lang='lat' dir='ltr'>littora</span> <span class='ocrx_word' id='word_1_211' title='bbox 332 2140 354 2164; x_wconf 90' lang='lat' dir='ltr'>a</span> <span class='ocrx_word' id='word_1_212' title='bbox 373 2128 538 2166; x_wconf 88' lang='lat' dir='ltr'>Caesare</span> <span class='ocrx_word' id='word_1_213' title='bbox 557 2129 810 2166; x_wconf 86' lang='lat' dir='ltr'>tenebantur:</span> <span class='ocrx_word' id='word_1_214' title='bbox 838 2142 963 2180; x_wconf 90' lang='lat' dir='ltr'>neque</span> <span class='ocrx_word' id='word_1_215' title='bbox 982 2130 1166 2179; x_wconf 81' lang='lat' dir='ltr'>lignandi,</span> <span class='ocrx_word' id='word_1_216' title='bbox 1185 2144 1252 2169; x_wconf 88' lang='lat' dir='ltr'>ne·</span> 
     </span>
     <span class='ocr_line' id='line_1_32' title="bbox 109 2188 1252 2242; baseline 0.004 -18"><span class='ocrx_word' id='word_1_217' title='bbox 109 2199 185 2237; x_wconf 90' lang='lat' dir='ltr'>que</span> <span class='ocrx_word' id='word_1_218' title='bbox 203 2188 382 2238; x_wconf 84' lang='lat' dir='ltr'>aquandi,</span> <span class='ocrx_word' id='word_1_219' title='bbox 402 2202 527 2239; x_wconf 88' lang='lat' dir='ltr'>neque</span> <span class='ocrx_word' id='word_1_220' title='bbox 546 2202 660 2226; x_wconf 83' lang='lat' dir='ltr'>naves</span> <span class='ocrx_word' id='word_1_221' title='bbox 680 2190 728 2226; x_wconf 90' lang='lat' dir='ltr'>ad</span> <span class='ocrx_word' id='word_1_222' title='bbox 749 2198 887 2228; x_wconf 85' lang='lat' dir='ltr'>terram</span> <span class='ocrx_word' id='word_1_223' title='bbox 907 2191 1105 2241; x_wconf 87' lang='lat' dir='ltr'>religandi,</span> <span class='ocrx_word' id='word_1_224' title='bbox 1127 2200 1252 2242; x_wconf 84' lang='lat' dir='ltr'>potes-</span> 
     </span>
     <span class='ocr_line' id='line_1_33' title="bbox 108 2247 1252 2303; baseline 0.004 -18"><span class='ocrx_word' id='word_1_225' title='bbox 108 2254 168 2284; x_wconf 83' lang='lat' dir='ltr'>tas</span> <span class='ocrx_word' id='word_1_226' title='bbox 185 2247 313 2286; x_wconf 87' lang='lat' dir='ltr'>fiebat.</span> <span class='ocrx_word' id='word_1_227' title='bbox 366 2248 460 2286; x_wconf 89' lang='lat' dir='ltr'>Erat</span> <span class='ocrx_word' id='word_1_228' title='bbox 477 2262 537 2287; x_wconf 89' lang='lat' dir='ltr'>res</span> <span class='ocrx_word' id='word_1_229' title='bbox 554 2250 592 2286; x_wconf 85' lang='lat' dir='ltr'>iu</span> <span class='ocrx_word' id='word_1_230' title='bbox 607 2263 747 2300; x_wconf 79' lang='lat' dir='ltr'>magna</span> <span class='ocrx_word' id='word_1_231' title='bbox 763 2250 999 2297; x_wconf 85' lang='lat' dir='ltr'>difficultate,</span> <span class='ocrx_word' id='word_1_232' title='bbox 1019 2253 1252 2303; x_wconf 86' lang='lat' dir='ltr'>summisque</span> 
     </span>
     <span class='ocr_line' id='line_1_34' title="bbox 108 2308 1253 2362; baseline 0.005 -17"><span class='ocrx_word' id='word_1_233' title='bbox 108 2308 295 2359; x_wconf 84' lang='lat' dir='ltr'>angustiis</span> <span class='ocrx_word' id='word_1_234' title='bbox 313 2322 446 2353; x_wconf 75' lang='lat' dir='ltr'>rerum</span> <span class='ocrx_word' id='word_1_235' title='bbox 459 2311 760 2355; x_wconf 75' lang='lat' dir='ltr'>necessariarum</span> <span class='ocrx_word' id='word_1_236' title='bbox 779 2313 1052 2362; x_wconf 85' lang='lat' dir='ltr'>premebantur</span> <span class='ocrx_word' id='word_1_237' title='bbox 1068 2328 1078 2358; x_wconf 89' lang='lat'>;</span> <span class='ocrx_word' id='word_1_238' title='bbox 1094 2313 1191 2351; x_wconf 82' lang='lat' dir='ltr'>adeo</span> <span class='ocrx_word' id='word_1_239' title='bbox 1211 2321 1253 2351; x_wconf 90' lang='lat' dir='ltr'>ut</span> 
     </span>
    </p>
   </div>
  </div>
 </body>
</html>
