1472 2664
228 236 278 271 24
527 233 601 270 DE
649 233 826 272 BELLO
874 233 1043 271 CIVILI

658 511 823 547 LIBER
878 511 930 547 II.

279 632 310 668 I.
364 633 491 671 DUM
523 633 618 670 haec
640 633 675 670 in
698 633 885 683 IIispania
917 640 1116 683 geruntur,
1152 632 1196 669 C.
1227 632 1371 669 Trebo-

226 693 324 739 nius,
356 694 518 744 legatus‚
548 694 611 744 qui
631 694 678 731 ad
699 694 1022 744 oppugnationem
1045 693 1236 729 Massiliae
1257 693 1368 730 relic-

227 761 288 791 tus
307 763 401 799 erat,
422 755 568 792 duabus
587 768 634 791 ex
656 755 825 805 partibus
845 768 1039 804 aggerem,
1064 754 1205 798 vineas,
1225 762 1366 790 turres—

227 827 316 865 que,
347 814 395 851 ad
415 815 595 864 oppidum
616 828 729 864 agere
751 816 925 851 instituit.
979 815 1067 852 Una
1085 823 1166 852 erat
1194 815 1369 863 proxima

226 876 368 926 portui,
387 876 676 926 navalibusun
695 876 815 913 altera
830 877 878 913 ad
897 883 1057 925 partem,
1078 888 1151 925 qua
1167 883 1224 912 est
1243 876 1369 912 aditus

226 950 277 973 ex
297 935 423 973 Gallia
448 943 564 986 atque
586 937 770 986 Hispania
790 937 838 973 ad
857 937 894 973 id
914 949 1032 980 mare,
1062 936 1165 986 quod
1183 937 1303 985 adigit
1322 936 1371 973 ad

229 998 368 1035 ostium
402 997 592 1034 Rhodani.
648 997 815 1033 Massilia
846 996 946 1033 enim
975 997 1055 1033 fere
1075 1009 1124 1033 ex
1155 1011 1205 1033 111
1241 997 1372 1046 oppidi

226 1057 396 1109 partibus
415 1058 510 1094 mari
528 1058 692 1094 alluitur.
749 1057 910 1107 Reliqua
931 1065 1064 1108 quarta
1084 1065 1154 1102 cst,
1175 1071 1273 1108 quae
1292 1058 1372 1095 adi-

227 1126 309 1156 tum
324 1119 463 1155 habeat
479 1131 500 1155 a
521 1126 632 1155 terra.
661 1118 789 1167 Hujus
805 1132 956 1168 quoque
973 1118 1083 1168 spatii
1101 1131 1186 1168 pars
1202 1132 1259 1164 ea,
1276 1132 1374 1168 quae

228 1179 276 1216 ad
296 1191 423 1216 arcem
445 1179 626 1229 pertinet,
656 1178 730 1215 loci
752 1186 886 1215 natura
905 1185 943 1214 et
962 1177 1058 1214 valle
1084 1178 1265 1215 altissima
1291 1192 1374 1215 mu-

228 1239 323 1284 nita,
342 1239 496 1289 longam
518 1246 556 1276 et
575 1238 764 1276 difficilem
785 1238 901 1276 habet
920 1238 1255 1288 oppugnationem.
1307 1240 1372 1276 Ad

225 1312 272 1336 ea
289 1299 523 1349 perficienda
542 1312 657 1349 opera
688 1299 731 1337 C.
752 1299 965 1335 Trebonius
984 1310 1159 1347 magnam
1174 1300 1369 1348 jumento-

226 1372 310 1395 rum
329 1368 444 1409 atque
464 1360 660 1396 hominum
681 1358 963 1395 multitudinem
983 1371 1031 1395 ex
1052 1359 1153 1395 omni
1172 1359 1371 1409 provincia

225 1426 358 1462 vocat3
393 1419 534 1456 vimina
552 1419 824 1468 materiamque
845 1419 1075 1468 comportari
1097 1420 1221 1467 jubet.
1279 1421 1373 1461 Qui-

225 1480 297 1516 bus
318 1480 545 1529 comparatis
566 1480 692 1524 rebus,
712 1491 894 1528 aggerem
914 1479 951 1515 in
971 1479 1211 1517 altitudinem
1230 1481 1371 1531 pedum

227 1551 336 1577 Lxxx
356 1540 532 1577 exstruit.

278 1611 329 1647 II.
385 1610 461 1648 Sed
480 1611 575 1648 tanti
607 1619 716 1648 erant
748 1610 956 1660 antiquitus
983 1610 1020 1646 in
1046 1611 1186 1661 oppido
1206 1611 1373 1649 omnium

227 1686 353 1709 rerum
373 1672 422 1708 ad
440 1672 585 1709 bellum
603 1679 824 1722 apparatus,
858 1678 1042 1721 tantaque
1061 1671 1267 1708 multitudo
1297 1679 1375 1709 tor-

228 1738 460 1775 mentorum,
489 1739 531 1768 ut
550 1744 681 1768 eorum
701 1731 775 1767 vim
795 1731 922 1768 nullae
949 1738 1155 1768 contextae
1173 1731 1375 1769 viminibus

226 1792 359 1829 vineae
381 1792 569 1828 sustinere
597 1800 763 1841 possent.
820 1792 980 1828 Asseres
1009 1792 1109 1829 enim
1135 1793 1276 1843 pedum
1295 1805 1373 1839 xtr,

232 1853 454 1903 cuspidibus
481 1853 653 1902 praefixi,
681 1860 795 1902 atque
815 1852 853 1888 hi
873 1853 1047 1889 maximis
1067 1852 1226 1890 ballistis
1255 1854 1374 1900 missi,

234 1927 304 1965 per
325 1926 370 1950 ιν
390 1913 542 1950 ordines
563 1913 723 1950 cratium
744 1913 780 1949 in
801 1922 902 1949 terra
917 1913 1196 1963 defige-bantur.
1234 1914 1372 1965 Itaque

226 1974 426 2026 pedalibus
458 1973 571 2023 lignis
591 1974 806 2022 conjunctis
837 1974 934 2010 inter
953 1986 993 2010 se
1028 1974 1198 2024 porticus
1225 1975 1374 2026 intege-

223 2037 390 2077 bantur;
423 2042 537 2084 atque
567 2034 637 2071 hac
657 2047 775 2085 agger
807 2034 904 2071 inter
932 2047 1065 2072 manus
1092 2035 1373 2086 proferebatur.

225 2096 498 2135 Antecedebat
518 2095 671 2132 testudo
688 2095 826 2144 pedum
846 2106 912 2140 Lx,
927 2096 1115 2145 aequandi
1130 2096 1204 2133 loci
1223 2109 1372 2143 caussa,

225 2158 328 2195 sacta
346 2158 436 2194 item
457 2169 505 2193 ex
537 2155 748 2192 fortissimis
767 2155 893 2205 lignis,
924 2155 1091 2193 involuta
1119 2157 1295 2194 omnibus
1314 2170 1373 2195 re-

226 2220 310 2264 bus,
343 2218 480 2268 quibus
511 2218 607 2268 ignis
636 2218 765 2267 jactus
786 2223 824 2253 et
853 2216 997 2266 lapides
1017 2215 1171 2254 defendi
1205 2224 1374 2267 possent.

229 2279 307 2317 Sed
323 2279 548 2330 magnitudo
565 2291 741 2329 operum,
760 2277 922 2315 altitudo
937 2278 1048 2322 muri,
1069 2285 1186 2328 atque
1200 2277 1374 2322 turrium,
