1472 2664
214 282 285 317 108
542 279 616 317 DE
654 279 832 317 BELLO
872 279 1038 317 CIVILI

214 388 239 405 “
258 383 445 420 bertatem
466 383 818 434 recuperabimus?
837 384 960 429 simul,
988 381 1194 433 respiciens
1209 382 1347 420 Caesa-

210 456 305 489 rem,
334 450 360 468 “
380 445 576 490 Faciam,”
606 445 742 496 inquit,
762 450 788 469 “
808 445 934 490 hodie,
964 445 1192 495 Imperator,
1222 452 1264 482 ut
1281 451 1346 482 aut

210 509 236 528 ‘⁴
256 506 340 542 vivo
360 506 465 550 mihi,
484 513 549 543 aut
569 515 733 552 mortuo,
762 506 902 557 gratias
920 507 1056 556 „agas”
1100 506 1211 543 Haec
1232 518 1349 556 quum

210 565 380 609 dixisset,
411 567 553 616 primus
572 581 621 605 ex
642 568 779 605 dextro
800 580 919 605 cornu
940 567 1202 618 procucurrit:
1231 574 1346 617 atque

208 639 295 663 eum
311 628 425 665 electi
441 628 578 666 milites
594 629 747 666 circiter
761 640 839 665 cxx
855 628 1057 665 voluntarii
1073 628 1243 678 ejusdem
1258 640 1348 664 cen-

209 689 332 725 turi-ae
360 696 447 727 sunt
467 690 674 740 prosecuti.

258 749 383 786 XCII.
437 749 545 788 Inter
563 751 656 788 duas
674 751 776 788 acies
796 758 943 788 tantum
965 758 1046 787 erat
1065 750 1241 787 relictum
1262 762 1346 800 spa-

207 809 262 854 tii,
284 819 325 847 ut
354 811 444 848 satis
470 819 572 849 esset
591 813 638 849 ad
658 825 885 850 concursum
906 813 1102 862 utriusque
1128 812 1347 848 exercitus:

206 871 274 907 sed
295 871 498 922 Pom-peius
519 873 595 909 suis
615 873 871 923 praedixerat,
906 883 947 910 ut.
967 873 1141 910 Caesaris
1161 872 1345 922 impetum

205 933 444 982 exciperent,
465 947 560 970 neve
576 947 615 971 se
631 934 717 972 loco
732 941 942 979 moverent,
964 934 1162 983 aciemque
1177 935 1258 982 ejus
1274 932 1349 971 dis-

206 994 302 1030 trahi
318 1002 541 1044 paterentur
555 1009 564 1031 ε
585 995 700 1045 idque
716 995 913 1032 admonitu
928 995 974 1032 C.
990 994 1125 1031 Triarii
1141 993 1277 1031 fecisse
1291 993 1348 1031 di-

206 1056 377 1100 cebatur,
400 1063 441 1092 ut
461 1056 604 1107 primus
624 1069 809 1093 excursus
828 1056 960 1106 visque
980 1056 1140 1092 militum
1162 1053 1344 1104 infringe-

204 1124 323 1161 retur,
343 1117 521 1167 aciesque
541 1117 836 1162 distenderetur,
865 1125 978 1167 atque
999 1116 1036 1152 in
1056 1116 1131 1153 suis
1151 1115 1347 1152 ordinibus

203 1177 376 1227 dispositi
395 1177 583 1228 dispersos
603 1177 866 1220 adorirentur-3
895 1177 1090 1226 leviusque
1111 1188 1246 1213 casura
1269 1176 1346 1226 pila

203 1241 392 1290 sperabat,
424 1239 461 1275 in
481 1240 568 1276 Ioco
588 1240 746 1277 retentis
765 1238 961 1283 militibus,
993 1250 1106 1288 quam
1126 1236 1156 1273 si
1188 1236 1257 1286 ipsi
1277 1237 1346 1273 im-

201 1300 324 1336 missis
339 1299 423 1336 telis
439 1300 712 1342 occurrissent3
731 1298 841 1335 simul
859 1298 953 1342 fore,
975 1305 1028 1342 ut,
1046 1295 1242 1346 duplicato
1258 1309 1344 1333 cur-

201 1374 258 1405 su,
281 1361 452 1398 Caesaris
464 1360 602 1397 milites
617 1359 939 1402 exanimarentur,
959 1365 999 1394 et
1014 1356 1235 1394 lassitudine
1248 1369 1342 1393 con-

200 1422 417 1459 ficerentur·
466 1421 581 1463 Quod
602 1421 711 1458 nobis
731 1420 884 1471 quidem
906 1418 1009 1455 nulla
1034 1418 1182 1455 ratione
1200 1417 1346 1454 factum

201 1495 224 1518 a
244 1482 428 1532 Pompeio
449 1482 621 1519 videtur:
643 1488 847 1532 propterea
866 1481 972 1531 quod'
983 1487 1041 1517 est
1055 1479 1243 1530 quaedam
1264 1479 1345 1516 ani-

200 1544 251 1580 mi
280 1544 452 1581 incita-tio
473 1550 586 1593 atque
616 1542 792 1581 alacritas
822 1541 1046 1579 naturali-ter
1071 1541 1202 1577 innata
1219 1539 1342 1576 omni-

200 1605 285 1649 bus,
316 1618 414 1656 quae
435 1604 561 1641 studio
589 1616 740 1654 pugnae
771 1602 999 1640 incenditur.
1054 1601 1168 1639 Hanc
1190 1613 1263 1638 non
1283 1613 1343 1638 re-

200 1668 379 1717 primere,
399 1666 467 1704 sed
486 1677 641 1715 augere,
661 1665 910 1714 imperatores
925 1664 1086 1706 debent;
1105 1675 1231 1712 neque
1244 1661 1343 1699 frus-

200 1735 258 1764 tra
277 1727 487 1778 antiquitus
507 1726 722 1763 institutum
742 1731 814 1770 est,
837 1732 879 1761 ut
898 1724 1007 1774 signa
1026 1722 1194 1773 undique
1213 1721 1343 1759 couci-

198 1796 348 1834 nerent‚
365 1789 646 1837 clamoremque
662 1785 826 1823 universi
847 1785 1048 1822 tollerent:
1073 1784 1210 1834 quibus
1229 1783 1343 1820 rebus

199 1858 238 1887 et
257 1851 387 1886 hostes
401 1847 536 1887 terreri
555 1855 594 1884 et
609 1860 697 1884 suos
716 1846 866 1884 incitari
886 1845 1214 1883 existimaverunt.

251 1911 398 1948 XCIII.
456 1909 532 1947 Sed
551 1908 669 1946 nostri
691 1907 844 1952 milites,
878 1906 968 1943 dato
989 1906 1113 1955 signo,
1147 1917 1263 1955 quum
1283 1903 1339 1940 in-

195 1972 302 2009 festis
331 1971 415 2022 pilis
451 1969 794 2021 procucurrissent,
825 1975 940 2018 atque
971 1965 1341 2010 animadvertissent,

197 2046 274 2070 non
295 2033 471 2069 concurri
491 2044 513 2068 a
539 2029 796 2080 Pompeianis,
823 2041 894 2066 usu
913 2027 1039 2078 perid,
1065 2040 1109 2064 ac
1137 2025 1339 2076 superiori-

195 2095 267 2131 bus
298 2093 436 2145 pugnis
461 2091 677 2136 exercitati,
710 2102 777 2126 sua
809 2097 947 2139 sponte
967 2101 1119 2125 cursum
1149 2098 1339 2137 represse-

197 2162 300 2200 runt,
334 2162 372 2192 et.
390 2153 438 2190 ad
470 2153 639 2190 medium
667 2150 749 2188 fere
780 2150 942 2201 spatium
975 2149 1244 2192 constiterunt,
1276 2160 1338 2192 ne,

195 2214 405 2253 consumtis
423 2214 578 2259 viribus,
607 2213 980 2263 appropinq-uarent3
1009 2221 1202 2260 parvoque
1222 2208 1339 2245 inter-

195 2277 310 2314 misso
330 2275 513 2327 temporis
533 2274 670 2325 spatio,
689 2286 735 2310 ac
755 2286 884 2310 rursus
904 2279 1086 2319 renovato
1106 2283 1233 2315 cursu,
1262 2269 1340 2319 pila

194 2339 394 2384 miserunt,
414 2336 680 2387 celeriterque,
701 2341 743 2372 ut
758 2342 841 2373 erat
855 2341 1105 2385 praeceptum
1120 2344 1143 2370 a
1159 2331 1337 2377 Caesare,
