1472 2664
185 241 235 275 60
483 235 558 272 DE
603 234 782 273 BELLO
829 236 995 274 CIVILI

187 345 347 376 conatus
387 337 504 388 portis
541 338 677 375 clausis
720 339 903 389 oppidum
936 337 1165 380 defendere;
1208 351 1323 388 quum

186 398 361 435 Graecos
379 411 528 435 murum
549 398 796 443 adscendere,
831 407 943 449 atque
965 412 1067 436 :iruna
1087 411 1238 448 capere,
1264 400 1325 447 ju-

185 458 309 503 beret,
337 459 388 495 illi
415 467 542 496 autem
569 473 607 496 se
629 468 763 496 contra
783 460 979 509 imperium
1009 460 1139 509 populi
1163 459 1325 496 Romani

186 527 422 569 pugnaturos
458 532 540 556 esse
578 528 785 569 negarent,
833 520 1011 570 oppidani
1048 528 1175 557 autern
1212 520 1326 558 etiam

188 593 255 617 sua
275 587 409 629 sponte
441 580 642 618 Caesarem
671 581 841 631 recipere
862 588 1115 622 conarentur;
1148 580 1326 630 despera-

188 641 236 677 tis
258 640 432 678 omnibus
451 642 616 685 auxiliis,
639 649 764 692 portas
784 642 946 692 aperuit,
966 650 1004 678 et
1024 655 1062 679 se
1083 649 1198 691 atque
1219 641 1327 690 oppi-

189 701 278 738 dum
311 702 464 739 Caesari
492 702 652 748 dedidit,
682 702 957 753 incolumisque
977 703 1025 739 ab
1054 715 1100 739 eo
1127 714 1327 739 conserva-

188 768 250 798 tus
269 769 337 799 est.

240 822 331 859 XII.
386 823 561 874 Recepto
581 824 722 861 Caesar
741 823 873 866 Orico,
890 824 993 861 nulla
1008 824 1233 874 interposita
1247 838 1327 861 mo-

188 896 244 929 ra,
266 884 510 933 Apolloniam
525 884 790 934 proficiscitur.
830 885 921 933 Ejus
937 885 1103 921 adventu
1119 885 1264 930 audito,
1281 885 1326 921 L.

192 944 403 989 Staberius,
441 945 503 994 qui
535 944 584 981 ibi
616 953 805 995 praeerat,
839 958 974 994 aquam
1013 952 1254 994 comportare
1292 945 1328 982 in

188 1015 330 1048 arcem,
349 1011 462 1054 atque
482 1016 564 1040 eam
585 1004 746 1049 munire,
762 1004 988 1054 obsidesque
1008 1005 1055 1040 ab
1077 1005 1329 1054 Apolloniati-

189 1063 260 1100 bus
279 1063 450 1114 exigere,
470 1063 611 1113 eoepit.
662 1063 718 1100 Illi
734 1077 823 1100 vero
840 1064 994 1101 daturos
1010 1077 1050 1101 se
1071 1078 1210 1113 negare
1227 1081 1234 1103 ;
1266 1078 1331 1101 ne-

190 1137 265 1174 que
285 1132 412 1175 portas
431 1125 579 1161 consuli
598 1124 881 1174 praeclusur‹›s;
914 1138 1037 1175 neque
1057 1126 1124 1161 sibi
1143 1126 1330 1174 judicium

188 1193 379 1221 sumturos
408 1191 555 1229 contra,
575 1192 690 1234 atque
709 1185 830 1221 omnis
861 1185 972 1222 ltalia
991 1187 1230 1236 populusque
1254 1187 1330 1224 Ro-

190 1245 595 1294 nianusjudicavisset.
637 1247 807 1286 Quorum
830 1246 985 1295 cognita
1003 1247 1212 1291 voluntate,
1233 1247 1331 1284 clam

190 1305 362 1356 profugit
385 1305 588 1355 Apollonia
611 1306 827 1343 Staberius:
867 1307 918 1342 illi
934 1306 982 1344 ad
1002 1307 1203 1344 Caesarem
1230 1308 1332 1356 lega-

192 1373 250 1403 tos
270 1365 442 1410 mittunt,
480 1365 698 1416 oppidoque
734 1366 936 1416 recipiunt.
1002 1366 1085 1402 Hos
1122 1373 1333 1415 sequuntur

191 1427 445 1472 Bullidenses,
480 1426 715 1472 Amantiam,
748 1435 786 1463 et
801 1427 970 1477 reliquae
1000 1427 1181 1464 finitimae
1202 1427 1332 1464 civita-

191 1494 264 1533 tes,
294 1494 450 1537 totaque
485 1486 646 1537 Epiros;
674 1494 726 1532 et,
752 1486 887 1536 legatis
907 1487 955 1523 ad
976 1488 1179 1524 Caesarem
1199 1487 1334 1533 missis,

192 1560 290 1598 quae
306 1547 526 1598 imperaret,
545 1546 714 1584 facturos
734 1547 976 1597 pollicentur.

242 1607 355 1644 XIII.
410 1609 465 1645 At
482 1607 702 1658 Pompeius,
717 1608 882 1657 cognitis
896 1607 941 1644 iis
961 1609 1089 1654 rebus,
1109 1621 1206 1658 quae
1226 1616 1337 1646 erant

192 1667 301 1706 Orici
320 1676 435 1719 atque
457 1668 713 1719 Appolloniae
733 1677 877 1718 gestae,
911 1668 1155 1718 Dyrrhachio
1183 1669 1333 1713 timens,

191 1729 336 1766 diurnis
356 1742 417 1775 eo,
437 1729 731 1779 nocturnisque,
747 1728 944 1766 itineribus
965 1729 1175 1766 contendit.
1214 1729 1335 1766 Simul

191 1803 237 1827 ac
258 1791 398 1828 Caesar
417 1790 724 1840 appropinquare
744 1790 958 1834 dicebatur,
990 1798 1118 1826 tantus
1138 1798 1258 1827 terror
1278 1790 1334 1828 in-

193 1851 287 1889 cidit
305 1854 387 1901 ejus
407 1851 609 1895 exercitui,
630 1851 732 1901 quod
747 1863 955 1900 properans
975 1858 1127 1887 noctem
1148 1850 1222 1887 diei
1243 1863 1334 1887 con-

187 1913 385 1961 junxerat,
414 1924 539 1961 neque
559 1911 631 1947 iter
650 1910 918 1955 intermiserat,
940 1917 980 1947 ut
1000 1923 1121 1960 paene
1141 1923 1273 1947 omnes
1292 1910 1331 1947 in

195 1972 314 2022 Epiro
330 1971 576 2021 finitimisque
588 1970 808 2021 regionibus
823 1970 932 2020 signa
943 1970 1221 2020 relinquerent;
1234 1983 1336 2007 eom-

193 2033 323 2084 plures
342 2045 447 2069 arma
466 2032 701 2082 projicerent
718 2048 726 2074 ;
758 2045 802 2070 ac
823 2032 936 2082 fugae
956 2031 1076 2068 simile
1098 2032 1169 2068 iter
1189 2032 1335 2069 videre-

193 2098 269 2128 tur.
318 2090 408 2136 Sed,
429 2104 545 2141 quum
566 2104 684 2141 prope
707 2092 989 2142 Dyrrhachium
1013 2091 1217 2141 Pompeius
1246 2104 1337 2128 eon-

193 2151 368 2195 stitisset,
402 2160 602 2202 castraque
622 2152 958 2200 metarijussisset‚
992 2152 1195 2202 perterrito
1222 2153 1337 2190 etiam

195 2221 275 2250 tum
297 2213 485 2258 exercitu,
514 2213 691 2263 princeps
712 2212 905 2249 Labienus
926 2213 1114 2263 procedit,
1140 2215 1335 2263 juratque,

194 2286 236 2311 se
266 2286 354 2310 eum
381 2286 458 2311 non
484 2273 738 2318 deserturum,
772 2274 1014 2325 eundemque
1041 2286 1167 2311 casum
1189 2275 1334 2312 subitu-
