1472 2664
293 265 368 315 DE
395 271 574 314 BELLO
601 277 762 315 ALEX.
789 277 966 315 LIBER.
1122 281 1198 318 169

58 379 233 425 fiduciae,
260 392 308 417 ne
326 380 537 418 munitione
554 381 688 431 magis,
708 394 820 432 quam
838 394 966 426 manu,
985 380 1194 418 defendere

59 440 185 478 locum
214 441 430 479 Pharnaces
456 441 663 479 videretur.
717 443 853 492 ltaque
881 441 1085 479 deterritus
1114 454 1194 478 non

57 509 128 546 est,
148 514 222 551 quo
237 502 374 547 minus,
393 502 516 552 prima
528 502 610 540 acie
631 516 700 553 pro
714 502 812 540 vallo
831 501 1028 546 instructa,
1047 501 1195 551 reliqua

56 573 142 611 pars
172 562 363 599 exercitus
391 575 485 612 opus
503 562 662 601 faceret.
716 563 772 600 At
791 562 1023 607 Pharnaces,
1056 561 1193 611 impul-

56 634 118 658 sus
145 621 224 658 sive
242 622 317 659 loci
344 621 541 668 felicitate,
571 622 650 659 sive
678 621 856 672 auspiciis
884 628 923 658 et
946 620 1194 671 religionibus

58 681 249 727 inductus,
279 682 414 732 quibus
441 683 724 733 obtemperasse
743 695 830 719 eum
857 689 993 732 postea
1010 681 1191 719 audieba-

54 755 160 786 mus3
188 742 266 780 sive
297 742 492 792 paucitate
523 750 752 788 nostrorum,
783 743 847 792 qui
877 742 915 778 in
934 742 1047 779 armis
1067 749 1190 787 erant,

54 811 263 854 comperta,
289 817 420 854 quum,
439 816 544 840 more
566 804 689 854 operis
709 803 933 854 quotidiani,
952 815 1128 852 magnam
1149 802 1193 838 il-

53 863 126 900 lam
146 876 341 901 servorum
360 864 656 909 multitudinem,
686 877 782 915 quae
801 876 980 914 aggerem
1000 863 1190 913 portabat,

53 924 216 961 militum
237 937 319 961 esse
340 924 563 961 credidisset
580 941 589 968 ;
624 925 701 962 sive
721 925 836 962 etiam
855 923 995 961 fiducia
1020 924 1190 961 veterani

51 985 244 1022 exercitus
262 984 334 1030 sui,
354 997 466 1034 quem
491 986 602 1033 [cum
622 985 798 1035 legione]
832 996 920 1020 xxn
940 984 979 1021 in
998 985 1079 1022 acie
1099 997 1191 1022 con-

52 1044 209 1090 flixisse,
248 1053 287 1084 et
318 1045 465 1090 vicisse,
501 1045 619 1095 legati
653 1047 734 1095 ejus
767 1045 1052 1095 gloriabantur;
1079 1045 1191 1082 simul

53 1113 251 1143 contemtu
271 1104 464 1143 exercitus
484 1106 616 1151 nostri,
637 1118 748 1156 quem
769 1105 918 1156 pulsum
940 1117 961 1152 a
979 1117 1034 1150 se,
1055 1105 1192 1142 Domi-

51 1165 105 1203 tio
125 1165 237 1211 duce,
256 1165 416 1210 sciebat,
436 1165 530 1203 inito
552 1166 711 1203 consilio
730 1165 950 1211 dimicandi,
979 1165 1190 1202 descende-

53 1238 93 1263 re
111 1234 318 1277 praerupta
335 1227 433 1264 valle
452 1227 592 1276 coepit.
647 1227 766 1276 Cujus
794 1225 1029 1276 aliquamdiu
1049 1226 1191 1263 Caesar

50 1285 234 1324 irridebat
263 1287 415 1324 inanem
443 1286 756 1332 ostentationem,
789 1293 828 1323 et
847 1298 893 1323 eo
920 1286 1006 1323 loco
1025 1285 1189 1323 militum

50 1347 363 1392 coarctationem,
383 1360 496 1398 quem
511 1346 549 1384 in
565 1347 690 1384 locum
706 1359 818 1384 nemo
834 1359 946 1383 sanus
962 1346 1080 1384 hostis
1099 1347 1190 1384 sub-

49 1407 170 1444 iturus
190 1415 310 1445 esset:
339 1421 455 1458 quum
474 1408 625 1444 interim
653 1407 869 1444 Pharnaces
890 1407 1024 1444 eodem
1053 1408 1188 1457 gradu,

51 1481 127 1518 quo
146 1475 351 1518 praerupta
370 1468 408 1504 in
426 1468 614 1518 proelium
634 1468 885 1505 descenderat
900 1468 1010 1513 valle,
1030 1469 1189 1506 adscen-

50 1528 141 1565 dere
161 1529 340 1566 adversus
358 1528 516 1565 arduum
538 1529 674 1566 collem
695 1528 889 1565 instructis
909 1528 1028 1578 copiis
1048 1529 1188 1579 coepit.

99 1588 262 1625 LXXV.
304 1589 460 1634 Caesar,
480 1589 694 1626 incredibili
709 1590 790 1638 ejus
806 1588 864 1626 vel
880 1589 1108 1634 temeritate,
1127 1590 1188 1627 vel

46 1649 200 1694 fiducia,
229 1657 457 1694 commotus,
486 1661 610 1698 neque
633 1649 790 1698 opinans
816 1649 1100 1699 imparatusque
1120 1662 1188 1699 op-

46 1722 211 1760 pressus,
240 1709 375 1746 eodem
408 1716 580 1759 ternpore
613 1709 751 1746 milites
781 1709 828 1745 ab
856 1709 1033 1758 operibus
1062 1716 1188 1754 vocat,

48 1783 152 1808 arma
179 1782 318 1820 capere
345 1770 470 1819 jubet,
500 1769 671 1819 legiones
700 1769 871 1819 opponit,
899 1769 1098 1819 aciemque
1130 1769 1187 1805 in-

49 1831 184 1869 struit:
212 1832 322 1880 cujus
341 1830 396 1866 rei
423 1830 549 1867 subita
568 1829 773 1879 trepidatio
793 1842 972 1879 magnum
1001 1837 1187 1866 terrorem

47 1891 175 1929 attulit
192 1891 341 1928 uostris.
387 1890 567 1927 Nondum
582 1890 778 1927 ordinibus
793 1890 1003 1934 instructis,
1022 1889 1189 1926 falcatae

48 1953 176 2002 regiae
203 1950 410 2002 quadrigae
429 1951 640 2001 permixtos
661 1950 800 1987 milites
818 1951 1057 2000 perturbant,
1090 1963 1188 2000 quae

49 2021 177 2050 tamen
214 2011 392 2048 celeriter
429 2010 671 2048 multitudine
707 2010 870 2048 telorum
907 2010 1187 2060 opprimuntur.

49 2072 268 2123 Insequitur
296 2071 364 2108 has
395 2071 497 2109 acies
528 2071 709 2117 hostium,
737 2079 790 2117 et,
823 2071 988 2108 clamore
1022 2070 1190 2114 sublato,

49 2133 282 2183 confligitur,
302 2132 463 2169 multum
481 2131 686 2182 adjuvante
705 2140 840 2169 natura
864 2131 952 2176 loci,
980 2130 1185 2181 plurimum

48 2193 206 2244 deorum
221 2193 487 2231 immortalium
505 2193 742 2243 benignitate
758 2207 767 2229 :
795 2192 858 2243 qui
879 2205 995 2243 quum
1010 2191 1186 2229 omnibus

49 2252 198 2290 casibus
215 2253 307 2290 belli
331 2254 533 2299 intersunt,
554 2261 635 2290 tum
654 2253 862 2305 praecipue
881 2253 948 2300 eis,
969 2252 1107 2304 quibus
1126 2252 1186 2288 ni⁴

49 2313 103 2350 hil
121 2314 267 2351 ratione
285 2314 413 2364 potuit
431 2313 699 2352 administrari.

129 2371 237 2410 ToM.
264 2372 317 2411 11.
605 2372 642 2409 Y
