<?xml version="1.0" encoding="UTF-8"?>
<!DOCTYPE html PUBLIC "-//W3C//DTD XHTML 1.0 Transitional//EN"
    "http://www.w3.org/TR/xhtml1/DTD/xhtml1-transitional.dtd">
<html xmlns="http://www.w3.org/1999/xhtml" xml:lang="en" lang="en">
 <head>
  <title>
</title>
<meta http-equiv="Content-Type" content="text/html;charset=utf-8" />
  <meta name='ocr-system' content='tesseract 3.04.00' />
  <meta name='ocr-capabilities' content='ocr_page ocr_carea ocr_par ocr_line ocrx_word'/>
</head>
<body>
  <div class='ocr_page' id='page_1' title='image "./debellogallicoet02caesuoft_0065.png"; bbox 0 0 1472 2664; ppageno 0'>
   <div class='ocr_carea' id='block_1_1' title="bbox 510 211 1200 251">
    <p class='ocr_par' dir='ltr' id='par_1_1' title="bbox 510 211 1200 251">
     <span class='ocr_line' id='line_1_1' title="bbox 510 211 1200 251; baseline 0 0"><span class='ocrx_word' id='word_1_1' title='bbox 510 212 674 251; x_wconf 87' lang='lat' dir='ltr'><strong>LIBER</strong></span> <span class='ocrx_word' id='word_1_2' title='bbox 728 211 782 249; x_wconf 90' lang='lat'>11.</span> <span class='ocrx_word' id='word_1_3' title='bbox 1150 214 1200 251; x_wconf 83' lang='lat'>45</span> 
     </span>
    </p>
   </div>
   <div class='ocr_carea' id='block_1_2' title="bbox 48 314 1200 2297">
    <p class='ocr_par' dir='ltr' id='par_1_2' title="bbox 56 314 1200 1376">
     <span class='ocr_line' id='line_1_2' title="bbox 63 314 1200 368; baseline -0.002 -14"><span class='ocrx_word' id='word_1_4' title='bbox 63 314 258 368; x_wconf 78' lang='lat' dir='ltr'>“quidem</span> <span class='ocrx_word' id='word_1_5' title='bbox 277 315 470 354; x_wconf 88' lang='lat' dir='ltr'>dubitatis.</span> <span class='ocrx_word' id='word_1_6' title='bbox 497 315 749 366; x_wconf 83' lang='lat' dir='ltr'>Diligentiam</span> <span class='ocrx_word' id='word_1_7' title='bbox 763 314 916 365; x_wconf 89' lang='lat' dir='ltr'>quidem</span> <span class='ocrx_word' id='word_1_8' title='bbox 930 320 1113 360; x_wconf 89' lang='lat' dir='ltr'>nostram,</span> <span class='ocrx_word' id='word_1_9' title='bbox 1132 321 1200 352; x_wconf 86' lang='lat' dir='ltr'>aut</span> 
     </span>
     <span class='ocr_line' id='line_1_3' title="bbox 65 375 1199 427; baseline -0.003 -13"><span class='ocrx_word' id='word_1_10' title='bbox 65 382 92 400; x_wconf 90' lang='lat'><strong>“</strong></span> <span class='ocrx_word' id='word_1_11' title='bbox 107 389 218 427; x_wconf 90' lang='lat' dir='ltr'>quem</span> <span class='ocrx_word' id='word_1_12' title='bbox 232 376 279 413; x_wconf 92' lang='lat' dir='ltr'>ad</span> <span class='ocrx_word' id='word_1_13' title='bbox 290 375 402 413; x_wconf 89' lang='lat' dir='ltr'>finem</span> <span class='ocrx_word' id='word_1_14' title='bbox 416 376 541 413; x_wconf 89' lang='lat' dir='ltr'>adhuc</span> <span class='ocrx_word' id='word_1_15' title='bbox 556 389 616 413; x_wconf 89' lang='lat' dir='ltr'>res</span> <span class='ocrx_word' id='word_1_16' title='bbox 631 375 829 426; x_wconf 82' lang='lat' dir='ltr'>processit,</span> <span class='ocrx_word' id='word_1_17' title='bbox 845 375 1114 425; x_wconf 79' lang='lat' dir='ltr'>fortunamque</span> <span class='ocrx_word' id='word_1_18' title='bbox 1129 386 1199 412; x_wconf 89' lang='lat' dir='ltr'>cur</span> 
     </span>
     <span class='ocr_line' id='line_1_4' title="bbox 64 435 1196 487; baseline -0.002 -14"><span class='ocrx_word' id='word_1_19' title='bbox 64 442 90 463; x_wconf 89' lang='lat'>-“</span> <span class='ocrx_word' id='word_1_20' title='bbox 105 436 362 487; x_wconf 78' lang='lat' dir='ltr'>praeteream?</span> <span class='ocrx_word' id='word_1_21' title='bbox 407 437 470 472; x_wconf 88' lang='lat' dir='ltr'>An</span> <span class='ocrx_word' id='word_1_22' title='bbox 490 436 663 487; x_wconf 89' lang='lat' dir='ltr'>poenitet</span> <span class='ocrx_word' id='word_1_23' title='bbox 682 448 761 480; x_wconf 92' lang='lat' dir='ltr'>vos,</span> <span class='ocrx_word' id='word_1_24' title='bbox 795 435 896 486; x_wconf 84' lang='lat' dir='ltr'>quod</span> <span class='ocrx_word' id='word_1_25' title='bbox 916 436 1060 472; x_wconf 87' lang='lat' dir='ltr'>salvum</span> <span class='ocrx_word' id='word_1_26' title='bbox 1080 443 1196 484; x_wconf 88' lang='lat' dir='ltr'>atque</span> 
     </span>
     <span class='ocr_line' id='line_1_5' title="bbox 63 494 1199 542; baseline -0.003 -9"><span class='ocrx_word' id='word_1_27' title='bbox 63 502 89 520; x_wconf 90' lang='lat'><strong><em>“</em></strong></span> <span class='ocrx_word' id='word_1_28' title='bbox 105 497 331 534; x_wconf 88' lang='lat' dir='ltr'>incolumem</span> <span class='ocrx_word' id='word_1_29' title='bbox 351 496 578 542; x_wconf 84' lang='lat' dir='ltr'>exercitum,</span> <span class='ocrx_word' id='word_1_30' title='bbox 598 496 702 533; x_wconf 83' lang='lat' dir='ltr'>nulla</span> <span class='ocrx_word' id='word_1_31' title='bbox 718 496 872 532; x_wconf 91' lang='lat' dir='ltr'>omnino</span> <span class='ocrx_word' id='word_1_32' title='bbox 892 507 987 532; x_wconf 82' lang='lat' dir='ltr'>nave</span> <span class='ocrx_word' id='word_1_33' title='bbox 1008 494 1199 532; x_wconf 82' lang='lat' dir='ltr'>desidera-</span> 
     </span>
     <span class='ocr_line' id='line_1_6' title="bbox 62 553 1198 606; baseline -0.004 -12"><span class='ocrx_word' id='word_1_34' title='bbox 62 561 88 580; x_wconf 92' lang='lat'>“</span> <span class='ocrx_word' id='word_1_35' title='bbox 104 564 154 602; x_wconf 86' lang='lat' dir='ltr'>ta,</span> <span class='ocrx_word' id='word_1_36' title='bbox 172 555 452 592; x_wconf 85' lang='lat' dir='ltr'>transduxerim</span> <span class='ocrx_word' id='word_1_37' title='bbox 467 557 480 593; x_wconf 86' lang='lat'>?</span> <span class='ocrx_word' id='word_1_38' title='bbox 511 556 613 606; x_wconf 91' lang='lat' dir='ltr'>quod</span> <span class='ocrx_word' id='word_1_39' title='bbox 628 556 787 606; x_wconf 83' lang='lat' dir='ltr'>classem</span> <span class='ocrx_word' id='word_1_40' title='bbox 806 555 971 592; x_wconf 87' lang='lat' dir='ltr'>hostium</span> <span class='ocrx_word' id='word_1_41' title='bbox 987 554 1110 605; x_wconf 89' lang='lat' dir='ltr'>primo</span> <span class='ocrx_word' id='word_1_42' title='bbox 1129 553 1198 590; x_wconf 91' lang='lat' dir='ltr'>im-</span> 
     </span>
     <span class='ocr_line' id='line_1_7' title="bbox 63 614 1198 666; baseline -0.002 -14"><span class='ocrx_word' id='word_1_43' title='bbox 63 619 90 639; x_wconf 87' lang='lat'>“</span> <span class='ocrx_word' id='word_1_44' title='bbox 103 622 196 666; x_wconf 87' lang='lat' dir='ltr'>petu</span> <span class='ocrx_word' id='word_1_45' title='bbox 214 615 417 653; x_wconf 87' lang='lat' dir='ltr'>adveniens</span> <span class='ocrx_word' id='word_1_46' title='bbox 436 616 739 666; x_wconf 83' lang='lat' dir='ltr'>profligaverim?</span> <span class='ocrx_word' id='word_1_47' title='bbox 761 615 864 666; x_wconf 90' lang='lat' dir='ltr'>quod</span> <span class='ocrx_word' id='word_1_48' title='bbox 879 615 936 652; x_wconf 91' lang='lat' dir='ltr'>bis</span> <span class='ocrx_word' id='word_1_49' title='bbox 954 628 1023 665; x_wconf 89' lang='lat' dir='ltr'>per</span> <span class='ocrx_word' id='word_1_50' title='bbox 1038 614 1198 651; x_wconf 84' lang='lat' dir='ltr'>biduum</span> 
     </span>
     <span class='ocr_line' id='line_1_8' title="bbox 68 675 1199 727; baseline -0.002 -14"><span class='ocrx_word' id='word_1_51' title='bbox 68 675 273 726; x_wconf 87' lang='lat' dir='ltr'>“equestri</span> <span class='ocrx_word' id='word_1_52' title='bbox 293 676 437 726; x_wconf 88' lang='lat' dir='ltr'>proelio</span> <span class='ocrx_word' id='word_1_53' title='bbox 457 677 712 727; x_wconf 83' lang='lat' dir='ltr'>superaverim</span> <span class='ocrx_word' id='word_1_54' title='bbox 729 677 742 714; x_wconf 74' lang='grc' dir='ltr'><strong><em>ἓ</em></strong></span> <span class='ocrx_word' id='word_1_55' title='bbox 773 676 875 726; x_wconf 90' lang='lat' dir='ltr'>quod</span> <span class='ocrx_word' id='word_1_56' title='bbox 893 688 941 712; x_wconf 87' lang='lat' dir='ltr'>ex</span> <span class='ocrx_word' id='word_1_57' title='bbox 962 682 1075 726; x_wconf 88' lang='lat' dir='ltr'>portu</span> <span class='ocrx_word' id='word_1_58' title='bbox 1095 675 1199 712; x_wconf 83' lang='lat' dir='ltr'>sinu·</span> 
     </span>
     <span class='ocr_line' id='line_1_9' title="bbox 61 734 1198 787; baseline -0.003 -13"><span class='ocrx_word' id='word_1_59' title='bbox 61 741 87 760; x_wconf 79' lang='lat'>‘⁴</span> <span class='ocrx_word' id='word_1_60' title='bbox 102 749 176 787; x_wconf 90' lang='lat' dir='ltr'>que</span> <span class='ocrx_word' id='word_1_61' title='bbox 195 736 493 775; x_wconf 86' lang='lat' dir='ltr'>adversariorum</span> <span class='ocrx_word' id='word_1_62' title='bbox 524 748 571 773; x_wconf 90' lang='lat' dir='ltr'>cc</span> <span class='ocrx_word' id='word_1_63' title='bbox 602 749 716 774; x_wconf 87' lang='lat' dir='ltr'>naves</span> <span class='ocrx_word' id='word_1_64' title='bbox 735 736 928 773; x_wconf 83' lang='lat' dir='ltr'>onerarias</span> <span class='ocrx_word' id='word_1_65' title='bbox 956 734 1198 780; x_wconf 88' lang='lat' dir='ltr'>adduxerim,</span> 
     </span>
     <span class='ocr_line' id='line_1_10' title="bbox 60 795 1197 847; baseline -0.003 -14"><span class='ocrx_word' id='word_1_66' title='bbox 60 799 87 819; x_wconf 89' lang='lat'><strong>“</strong></span> <span class='ocrx_word' id='word_1_67' title='bbox 102 809 224 846; x_wconf 93' lang='lat' dir='ltr'>eoque</span> <span class='ocrx_word' id='word_1_68' title='bbox 243 795 324 833; x_wconf 91' lang='lat' dir='ltr'>illos</span> <span class='ocrx_word' id='word_1_69' title='bbox 352 796 614 847; x_wconf 88' lang='lat' dir='ltr'>compulerim,</span> <span class='ocrx_word' id='word_1_70' title='bbox 648 804 691 833; x_wconf 93' lang='lat' dir='ltr'>ut</span> <span class='ocrx_word' id='word_1_71' title='bbox 709 808 833 846; x_wconf 88' lang='lat' dir='ltr'>neque</span> <span class='ocrx_word' id='word_1_72' title='bbox 853 795 1020 845; x_wconf 81' lang='lat' dir='ltr'>pedestri</span> <span class='ocrx_word' id='word_1_73' title='bbox 1049 795 1197 840; x_wconf 85' lang='lat' dir='ltr'>itinere,</span> 
     </span>
     <span class='ocr_line' id='line_1_11' title="bbox 64 855 1198 907; baseline -0.001 -14"><span class='ocrx_word' id='word_1_74' title='bbox 64 861 91 880; x_wconf 88' lang='lat'><strong>“</strong></span> <span class='ocrx_word' id='word_1_75' title='bbox 106 869 230 907; x_wconf 89' lang='lat' dir='ltr'>neque</span> <span class='ocrx_word' id='word_1_76' title='bbox 251 856 422 901; x_wconf 89' lang='lat' dir='ltr'>navibus,</span> <span class='ocrx_word' id='word_1_77' title='bbox 443 864 659 893; x_wconf 82' lang='lat' dir='ltr'>commeatu</span> <span class='ocrx_word' id='word_1_78' title='bbox 675 857 796 907; x_wconf 86' lang='lat' dir='ltr'>juvari</span> <span class='ocrx_word' id='word_1_79' title='bbox 816 856 990 906; x_wconf 80' lang='lat' dir='ltr'>possint?</span> <span class='ocrx_word' id='word_1_80' title='bbox 1025 855 1111 892; x_wconf 90' lang='lat' dir='ltr'>Hac</span> <span class='ocrx_word' id='word_1_81' title='bbox 1132 867 1198 892; x_wconf 90' lang='lat' dir='ltr'>vos</span> 
     </span>
     <span class='ocr_line' id='line_1_12' title="bbox 60 915 1197 967; baseline -0.001 -14"><span class='ocrx_word' id='word_1_82' title='bbox 60 921 87 939; x_wconf 90' lang='lat'><strong>“</strong></span> <span class='ocrx_word' id='word_1_83' title='bbox 102 916 266 962; x_wconf 82' lang='lat' dir='ltr'>fortuna,</span> <span class='ocrx_word' id='word_1_84' title='bbox 285 924 400 967; x_wconf 88' lang='lat' dir='ltr'>atque</span> <span class='ocrx_word' id='word_1_85' title='bbox 420 916 478 952; x_wconf 85' lang='lat' dir='ltr'>his</span> <span class='ocrx_word' id='word_1_86' title='bbox 497 916 658 953; x_wconf 90' lang='lat' dir='ltr'>ducibus</span> <span class='ocrx_word' id='word_1_87' title='bbox 678 916 901 966; x_wconf 66' lang='lat' dir='ltr'>repudiatiS,</span> <span class='ocrx_word' id='word_1_88' title='bbox 922 915 1197 952; x_wconf 71' lang='lat' dir='ltr'>Corfiniensem</span> 
     </span>
     <span class='ocr_line' id='line_1_13' title="bbox 61 975 1197 1027; baseline 0 -14"><span class='ocrx_word' id='word_1_89' title='bbox 61 981 87 1000; x_wconf 89' lang='lat'><strong>“</strong></span> <span class='ocrx_word' id='word_1_90' title='bbox 102 976 361 1027; x_wconf 85' lang='lat' dir='ltr'>ignominiam,</span> <span class='ocrx_word' id='word_1_91' title='bbox 388 989 435 1013; x_wconf 85' lang='lat' dir='ltr'>an</span> <span class='ocrx_word' id='word_1_92' title='bbox 454 977 587 1014; x_wconf 85' lang='lat' dir='ltr'>ltaliae</span> <span class='ocrx_word' id='word_1_93' title='bbox 606 977 749 1027; x_wconf 85' lang='lat' dir='ltr'>fugam,</span> <span class='ocrx_word' id='word_1_94' title='bbox 770 990 817 1014; x_wconf 83' lang='lat' dir='ltr'>an</span> <span class='ocrx_word' id='word_1_95' title='bbox 838 976 1109 1026; x_wconf 84' lang='lat' dir='ltr'>Hispaniarum</span> <span class='ocrx_word' id='word_1_96' title='bbox 1130 975 1197 1013; x_wconf 86' lang='lat' dir='ltr'>de-</span> 
     </span>
     <span class='ocr_line' id='line_1_14' title="bbox 59 1035 1196 1088; baseline -0.001 -15"><span class='ocrx_word' id='word_1_97' title='bbox 59 1041 86 1059; x_wconf 88' lang='lat'><strong>“</strong></span> <span class='ocrx_word' id='word_1_98' title='bbox 101 1037 298 1082; x_wconf 87' lang='lat' dir='ltr'>ditionem,</span> <span class='ocrx_word' id='word_1_99' title='bbox 317 1049 366 1074; x_wconf 87' lang='lat' dir='ltr'>an</span> <span class='ocrx_word' id='word_1_100' title='bbox 386 1035 508 1073; x_wconf 83' lang='lat' dir='ltr'>Africi</span> <span class='ocrx_word' id='word_1_101' title='bbox 529 1037 616 1074; x_wconf 90' lang='lat' dir='ltr'>belli</span> <span class='ocrx_word' id='word_1_102' title='bbox 632 1037 867 1088; x_wconf 86' lang='lat' dir='ltr'>praejudicia</span> <span class='ocrx_word' id='word_1_103' title='bbox 882 1036 1083 1087; x_wconf 84' lang='lat' dir='ltr'>sequimini</span> <span class='ocrx_word' id='word_1_104' title='bbox 1100 1037 1113 1073; x_wconf 85' lang='lat'>?</span> <span class='ocrx_word' id='word_1_105' title='bbox 1146 1035 1196 1072; x_wconf 86' lang='lat' dir='ltr'>E-</span> 
     </span>
     <span class='ocr_line' id='line_1_15' title="bbox 59 1096 1195 1147; baseline -0.001 -14"><span class='ocrx_word' id='word_1_106' title='bbox 59 1102 85 1120; x_wconf 91' lang='lat'><strong>“</strong></span> <span class='ocrx_word' id='word_1_107' title='bbox 100 1097 250 1147; x_wconf 90' lang='lat' dir='ltr'>quidem</span> <span class='ocrx_word' id='word_1_108' title='bbox 271 1109 332 1134; x_wconf 89' lang='lat' dir='ltr'>me</span> <span class='ocrx_word' id='word_1_109' title='bbox 349 1097 520 1134; x_wconf 84' lang='lat' dir='ltr'>Caesaris</span> <span class='ocrx_word' id='word_1_110' title='bbox 540 1097 696 1134; x_wconf 87' lang='lat' dir='ltr'>militem</span> <span class='ocrx_word' id='word_1_111' title='bbox 717 1097 792 1134; x_wconf 81' lang='lat' dir='ltr'>dici</span> <span class='ocrx_word' id='word_1_112' title='bbox 813 1098 937 1138; x_wconf 88' lang='lat' dir='ltr'>volui;</span> <span class='ocrx_word' id='word_1_113' title='bbox 959 1109 1026 1133; x_wconf 89' lang='lat' dir='ltr'>vos</span> <span class='ocrx_word' id='word_1_114' title='bbox 1045 1109 1106 1133; x_wconf 87' lang='lat' dir='ltr'>me</span> <span class='ocrx_word' id='word_1_115' title='bbox 1126 1096 1195 1133; x_wconf 92' lang='lat' dir='ltr'>im-</span> 
     </span>
     <span class='ocr_line' id='line_1_16' title="bbox 58 1157 1195 1208; baseline 0.002 -15"><span class='ocrx_word' id='word_1_116' title='bbox 58 1161 85 1180; x_wconf 86' lang='lat'><strong>“</strong></span> <span class='ocrx_word' id='word_1_117' title='bbox 99 1158 284 1208; x_wconf 86' lang='lat' dir='ltr'>peratoris</span> <span class='ocrx_word' id='word_1_118' title='bbox 311 1158 464 1195; x_wconf 89' lang='lat' dir='ltr'>nomine</span> <span class='ocrx_word' id='word_1_119' title='bbox 485 1159 762 1208; x_wconf 86' lang='lat' dir='ltr'>appellavistis:</span> <span class='ocrx_word' id='word_1_120' title='bbox 792 1161 900 1208; x_wconf 87' lang='lat' dir='ltr'>cujus</span> <span class='ocrx_word' id='word_1_121' title='bbox 919 1158 949 1195; x_wconf 91' lang='lat' dir='ltr'>si</span> <span class='ocrx_word' id='word_1_122' title='bbox 970 1170 1034 1195; x_wconf 90' lang='lat' dir='ltr'>vos</span> <span class='ocrx_word' id='word_1_123' title='bbox 1063 1157 1195 1208; x_wconf 92' lang='lat' dir='ltr'>poeni-</span> 
     </span>
     <span class='ocr_line' id='line_1_17' title="bbox 56 1218 1194 1264; baseline 0 -9"><span class='ocrx_word' id='word_1_124' title='bbox 56 1222 83 1241; x_wconf 89' lang='lat'><strong>“</strong></span> <span class='ocrx_word' id='word_1_125' title='bbox 102 1225 172 1263; x_wconf 85' lang='lat' dir='ltr'>tet,</span> <span class='ocrx_word' id='word_1_126' title='bbox 198 1225 364 1256; x_wconf 89' lang='lat' dir='ltr'>vestrum</span> <span class='ocrx_word' id='word_1_127' title='bbox 383 1219 490 1255; x_wconf 87' lang='lat' dir='ltr'>vobis</span> <span class='ocrx_word' id='word_1_128' title='bbox 509 1219 738 1256; x_wconf 85' lang='lat' dir='ltr'>beneficium</span> <span class='ocrx_word' id='word_1_129' title='bbox 757 1219 925 1264; x_wconf 86' lang='lat' dir='ltr'>remitto,</span> <span class='ocrx_word' id='word_1_130' title='bbox 954 1218 1044 1255; x_wconf 85' lang='lat' dir='ltr'>mihi</span> <span class='ocrx_word' id='word_1_131' title='bbox 1066 1231 1194 1255; x_wconf 89' lang='lat' dir='ltr'>meum</span> 
     </span>
     <span class='ocr_line' id='line_1_18' title="bbox 61 1279 1194 1323; baseline 0.001 -8"><span class='ocrx_word' id='word_1_132' title='bbox 61 1283 89 1301; x_wconf 89' lang='lat'><strong>“</strong></span> <span class='ocrx_word' id='word_1_133' title='bbox 104 1279 291 1316; x_wconf 88' lang='lat' dir='ltr'>restituite</span> <span class='ocrx_word' id='word_1_134' title='bbox 312 1291 463 1323; x_wconf 89' lang='lat' dir='ltr'>nomen,</span> <span class='ocrx_word' id='word_1_135' title='bbox 492 1292 540 1316; x_wconf 90' lang='lat' dir='ltr'>ne</span> <span class='ocrx_word' id='word_1_136' title='bbox 560 1279 608 1316; x_wconf 87' lang='lat' dir='ltr'>ad</span> <span class='ocrx_word' id='word_1_137' title='bbox 628 1280 899 1317; x_wconf 85' lang='lat' dir='ltr'>contumeliam</span> <span class='ocrx_word' id='word_1_138' title='bbox 920 1280 1105 1317; x_wconf 86' lang='lat' dir='ltr'>honorem</span> <span class='ocrx_word' id='word_1_139' title='bbox 1126 1279 1194 1316; x_wconf 85' lang='lat' dir='ltr'>de-</span> 
     </span>
     <span class='ocr_line' id='line_1_19' title="bbox 59 1339 472 1376; baseline -0.005 0"><span class='ocrx_word' id='word_1_140' title='bbox 59 1343 85 1361; x_wconf 93' lang='lat'><strong>“</strong></span> <span class='ocrx_word' id='word_1_141' title='bbox 101 1339 198 1376; x_wconf 85' lang='lat' dir='ltr'>disse</span> <span class='ocrx_word' id='word_1_142' title='bbox 227 1339 472 1376; x_wconf 86' lang='lat' dir='ltr'>videamini.”</span> 
     </span>
    </p>

    <p class='ocr_par' dir='ltr' id='par_1_3' title="bbox 48 1399 1193 2176">
     <span class='ocr_line' id='line_1_20' title="bbox 106 1399 1193 1451; baseline 0.002 -15"><span class='ocrx_word' id='word_1_143' title='bbox 106 1399 295 1436; x_wconf 84' lang='lat' dir='ltr'>XXXIII.</span> <span class='ocrx_word' id='word_1_144' title='bbox 363 1401 448 1441; x_wconf 79' lang='lat' dir='ltr'>Qua</span> <span class='ocrx_word' id='word_1_145' title='bbox 480 1401 652 1438; x_wconf 85' lang='lat' dir='ltr'>oratione</span> <span class='ocrx_word' id='word_1_146' title='bbox 681 1401 859 1451; x_wconf 88' lang='lat' dir='ltr'>permoti,</span> <span class='ocrx_word' id='word_1_147' title='bbox 887 1401 1026 1438; x_wconf 87' lang='lat' dir='ltr'>milites</span> <span class='ocrx_word' id='word_1_148' title='bbox 1055 1402 1193 1438; x_wconf 87' lang='lat' dir='ltr'>crebro</span> 
     </span>
     <span class='ocr_line' id='line_1_21' title="bbox 55 1459 1193 1512; baseline 0.004 -16"><span class='ocrx_word' id='word_1_149' title='bbox 55 1459 170 1496; x_wconf 87' lang='lat' dir='ltr'>etiam</span> <span class='ocrx_word' id='word_1_150' title='bbox 191 1459 382 1497; x_wconf 82' lang='lat' dir='ltr'>dicentem</span> <span class='ocrx_word' id='word_1_151' title='bbox 402 1460 707 1510; x_wconf 85' lang='lat' dir='ltr'>interpellabant,</span> <span class='ocrx_word' id='word_1_152' title='bbox 736 1469 778 1498; x_wconf 93' lang='lat' dir='ltr'>ut</span> <span class='ocrx_word' id='word_1_153' title='bbox 797 1475 936 1512; x_wconf 85' lang='lat' dir='ltr'>magno</span> <span class='ocrx_word' id='word_1_154' title='bbox 952 1474 1038 1499; x_wconf 89' lang='lat' dir='ltr'>cum</span> <span class='ocrx_word' id='word_1_155' title='bbox 1059 1462 1193 1500; x_wconf 88' lang='lat' dir='ltr'>dolore</span> 
     </span>
     <span class='ocr_line' id='line_1_22' title="bbox 53 1520 1191 1571; baseline 0.002 -14"><span class='ocrx_word' id='word_1_156' title='bbox 53 1520 286 1557; x_wconf 83' lang='lat' dir='ltr'>infidelitatis</span> <span class='ocrx_word' id='word_1_157' title='bbox 313 1521 564 1571; x_wconf 80' lang='lat' dir='ltr'>suspicionem</span> <span class='ocrx_word' id='word_1_158' title='bbox 587 1523 773 1559; x_wconf 87' lang='lat' dir='ltr'>sustinere</span> <span class='ocrx_word' id='word_1_159' title='bbox 793 1522 1040 1565; x_wconf 85' lang='lat' dir='ltr'>viderentur;</span> <span class='ocrx_word' id='word_1_160' title='bbox 1067 1521 1191 1559; x_wconf 85' lang='lat' dir='ltr'>disce·</span> 
     </span>
     <span class='ocr_line' id='line_1_23' title="bbox 53 1581 1191 1632; baseline 0.002 -14"><span class='ocrx_word' id='word_1_161' title='bbox 53 1581 207 1619; x_wconf 85' lang='lat' dir='ltr'>dentem</span> <span class='ocrx_word' id='word_1_162' title='bbox 223 1594 312 1618; x_wconf 87' lang='lat' dir='ltr'>vcro</span> <span class='ocrx_word' id='word_1_163' title='bbox 331 1595 379 1618; x_wconf 86' lang='lat' dir='ltr'>ex</span> <span class='ocrx_word' id='word_1_164' title='bbox 401 1582 585 1619; x_wconf 82' lang='lat' dir='ltr'>concione</span> <span class='ocrx_word' id='word_1_165' title='bbox 616 1583 777 1620; x_wconf 85' lang='lat' dir='ltr'>universi</span> <span class='ocrx_word' id='word_1_166' title='bbox 799 1583 1062 1628; x_wconf 82' lang='lat' dir='ltr'>cohortantur,</span> <span class='ocrx_word' id='word_1_167' title='bbox 1084 1595 1191 1632; x_wconf 83' lang='lat' dir='ltr'>mag-</span> 
     </span>
     <span class='ocr_line' id='line_1_24' title="bbox 53 1642 1191 1693; baseline 0.002 -14"><span class='ocrx_word' id='word_1_168' title='bbox 53 1655 103 1680; x_wconf 91' lang='lat' dir='ltr'>no</span> <span class='ocrx_word' id='word_1_169' title='bbox 122 1642 169 1678; x_wconf 92' lang='lat' dir='ltr'>sit</span> <span class='ocrx_word' id='word_1_170' title='bbox 189 1642 328 1687; x_wconf 89' lang='lat' dir='ltr'>animo,</span> <span class='ocrx_word' id='word_1_171' title='bbox 349 1655 422 1679; x_wconf 88' lang='lat' dir='ltr'>neu</span> <span class='ocrx_word' id='word_1_172' title='bbox 437 1642 587 1680; x_wconf 87' lang='lat' dir='ltr'>dubitet</span> <span class='ocrx_word' id='word_1_173' title='bbox 602 1643 786 1693; x_wconf 86' lang='lat' dir='ltr'>proelium</span> <span class='ocrx_word' id='word_1_174' title='bbox 802 1644 1054 1689; x_wconf 87' lang='lat' dir='ltr'>committere,</span> <span class='ocrx_word' id='word_1_175' title='bbox 1074 1651 1113 1681; x_wconf 90' lang='lat' dir='ltr'>et</span> <span class='ocrx_word' id='word_1_176' title='bbox 1129 1657 1191 1681; x_wconf 84' lang='lat' dir='ltr'>su-</span> 
     </span>
     <span class='ocr_line' id='line_1_25' title="bbox 51 1703 1190 1753; baseline 0.001 -13"><span class='ocrx_word' id='word_1_177' title='bbox 51 1715 111 1740; x_wconf 85' lang='lat' dir='ltr'>am</span> <span class='ocrx_word' id='word_1_178' title='bbox 129 1703 242 1739; x_wconf 84' lang='lat' dir='ltr'>fidem</span> <span class='ocrx_word' id='word_1_179' title='bbox 263 1703 517 1753; x_wconf 86' lang='lat' dir='ltr'>virtutemque</span> <span class='ocrx_word' id='word_1_180' title='bbox 548 1704 726 1753; x_wconf 78' lang='lat' dir='ltr'>experiri.</span> <span class='ocrx_word' id='word_1_181' title='bbox 781 1705 868 1746; x_wconf 84' lang='lat' dir='ltr'>Quo</span> <span class='ocrx_word' id='word_1_182' title='bbox 896 1703 998 1741; x_wconf 88' lang='lat' dir='ltr'>facto</span> <span class='ocrx_word' id='word_1_183' title='bbox 1019 1717 1190 1741; x_wconf 89' lang='lat' dir='ltr'>commu-</span> 
     </span>
     <span class='ocr_line' id='line_1_26' title="bbox 51 1764 1193 1814; baseline 0.002 -14"><span class='ocrx_word' id='word_1_184' title='bbox 51 1770 130 1800; x_wconf 86' lang='lat' dir='ltr'>tata</span> <span class='ocrx_word' id='word_1_185' title='bbox 146 1764 312 1800; x_wconf 90' lang='lat' dir='ltr'>omnium</span> <span class='ocrx_word' id='word_1_186' title='bbox 326 1764 534 1809; x_wconf 83' lang='lat' dir='ltr'>voluntate,</span> <span class='ocrx_word' id='word_1_187' title='bbox 550 1771 589 1801; x_wconf 88' lang='lat' dir='ltr'>ct</span> <span class='ocrx_word' id='word_1_188' title='bbox 602 1765 795 1814; x_wconf 89' lang='lat' dir='ltr'>opinione,</span> <span class='ocrx_word' id='word_1_189' title='bbox 812 1777 1001 1802; x_wconf 80' lang='lat' dir='ltr'>consensu</span> <span class='ocrx_word' id='word_1_190' title='bbox 1016 1777 1085 1801; x_wconf 84' lang='lat' dir='ltr'>suo</span> <span class='ocrx_word' id='word_1_191' title='bbox 1101 1777 1193 1802; x_wconf 92' lang='lat' dir='ltr'>con-</span> 
     </span>
     <span class='ocr_line' id='line_1_27' title="bbox 51 1823 1190 1876; baseline 0.003 -16"><span class='ocrx_word' id='word_1_192' title='bbox 51 1824 175 1860; x_wconf 89' lang='lat' dir='ltr'>stituit</span> <span class='ocrx_word' id='word_1_193' title='bbox 199 1823 330 1869; x_wconf 89' lang='lat' dir='ltr'>Curio,</span> <span class='ocrx_word' id='word_1_194' title='bbox 351 1838 464 1874; x_wconf 88' lang='lat' dir='ltr'>quum</span> <span class='ocrx_word' id='word_1_195' title='bbox 486 1824 648 1874; x_wconf 87' lang='lat' dir='ltr'>primum</span> <span class='ocrx_word' id='word_1_196' title='bbox 668 1825 714 1862; x_wconf 87' lang='lat' dir='ltr'>sit</span> <span class='ocrx_word' id='word_1_197' title='bbox 734 1825 823 1862; x_wconf 86' lang='lat' dir='ltr'>data</span> <span class='ocrx_word' id='word_1_198' title='bbox 842 1833 1024 1875; x_wconf 84' lang='lat' dir='ltr'>potestas,</span> <span class='ocrx_word' id='word_1_199' title='bbox 1043 1826 1190 1876; x_wconf 88' lang='lat' dir='ltr'>proelio</span> 
     </span>
     <span class='ocr_line' id='line_1_28' title="bbox 52 1884 1190 1935; baseline 0.003 -15"><span class='ocrx_word' id='word_1_200' title='bbox 52 1897 132 1921; x_wconf 84' lang='lat' dir='ltr'>rem</span> <span class='ocrx_word' id='word_1_201' title='bbox 161 1884 411 1921; x_wconf 85' lang='lat' dir='ltr'>committere.</span> <span class='ocrx_word' id='word_1_202' title='bbox 467 1884 625 1922; x_wconf 89' lang='lat' dir='ltr'>Postero</span> <span class='ocrx_word' id='word_1_203' title='bbox 644 1884 706 1922; x_wconf 90' lang='lat' dir='ltr'>die</span> <span class='ocrx_word' id='word_1_204' title='bbox 725 1885 947 1935; x_wconf 87' lang='lat' dir='ltr'>productos,</span> <span class='ocrx_word' id='word_1_205' title='bbox 978 1885 1113 1922; x_wconf 89' lang='lat' dir='ltr'>codem</span> <span class='ocrx_word' id='word_1_206' title='bbox 1134 1885 1190 1923; x_wconf 93' lang='lat' dir='ltr'>lo-</span> 
     </span>
     <span class='ocr_line' id='line_1_29' title="bbox 50 1944 1187 1995; baseline 0.002 -14"><span class='ocrx_word' id='word_1_207' title='bbox 50 1956 112 1989; x_wconf 91' lang='lat' dir='ltr'>co,</span> <span class='ocrx_word' id='word_1_208' title='bbox 140 1957 215 1995; x_wconf 90' lang='lat' dir='ltr'>quo</span> <span class='ocrx_word' id='word_1_209' title='bbox 234 1944 490 1994; x_wconf 88' lang='lat' dir='ltr'>superioribus</span> <span class='ocrx_word' id='word_1_210' title='bbox 509 1945 642 1982; x_wconf 89' lang='lat' dir='ltr'>diebus</span> <span class='ocrx_word' id='word_1_211' title='bbox 670 1945 908 1989; x_wconf 85' lang='lat' dir='ltr'>constiterat,</span> <span class='ocrx_word' id='word_1_212' title='bbox 937 1944 975 1981; x_wconf 91' lang='lat' dir='ltr'>in</span> <span class='ocrx_word' id='word_1_213' title='bbox 1005 1945 1088 1982; x_wconf 88' lang='lat' dir='ltr'>acie</span> <span class='ocrx_word' id='word_1_214' title='bbox 1109 1946 1187 1983; x_wconf 83' lang='lat' dir='ltr'>col-</span> 
     </span>
     <span class='ocr_line' id='line_1_30' title="bbox 48 2003 1190 2056; baseline 0.004 -16"><span class='ocrx_word' id='word_1_215' title='bbox 48 2003 163 2041; x_wconf 88' lang='lat' dir='ltr'>locat.</span> <span class='ocrx_word' id='word_1_216' title='bbox 229 2004 288 2042; x_wconf 89' lang='lat' dir='ltr'>Ne</span> <span class='ocrx_word' id='word_1_217' title='bbox 308 2005 432 2042; x_wconf 85' lang='lat' dir='ltr'>Varus</span> <span class='ocrx_word' id='word_1_218' title='bbox 451 2005 602 2055; x_wconf 85' lang='lat' dir='ltr'>quidem</span> <span class='ocrx_word' id='word_1_219' title='bbox 625 2006 756 2042; x_wconf 85' lang='lat' dir='ltr'>Attius</span> <span class='ocrx_word' id='word_1_220' title='bbox 785 2005 932 2042; x_wconf 81' lang='lat' dir='ltr'>dubitat</span> <span class='ocrx_word' id='word_1_221' title='bbox 953 2006 1082 2056; x_wconf 88' lang='lat' dir='ltr'>copias</span> <span class='ocrx_word' id='word_1_222' title='bbox 1102 2020 1190 2056; x_wconf 87' lang='lat' dir='ltr'>pro·</span> 
     </span>
     <span class='ocr_line' id='line_1_31' title="bbox 50 2065 1192 2117; baseline 0.004 -16"><span class='ocrx_word' id='word_1_223' title='bbox 50 2065 205 2110; x_wconf 86' lang='lat' dir='ltr'>ducere,</span> <span class='ocrx_word' id='word_1_224' title='bbox 233 2065 312 2102; x_wconf 90' lang='lat' dir='ltr'>sive</span> <span class='ocrx_word' id='word_1_225' title='bbox 342 2066 568 2104; x_wconf 88' lang='lat' dir='ltr'>sollicitandi</span> <span class='ocrx_word' id='word_1_226' title='bbox 600 2067 753 2112; x_wconf 88' lang='lat' dir='ltr'>milites,</span> <span class='ocrx_word' id='word_1_227' title='bbox 781 2066 859 2104; x_wconf 91' lang='lat' dir='ltr'>sive</span> <span class='ocrx_word' id='word_1_228' title='bbox 879 2079 1004 2117; x_wconf 77' lang='lat' dir='ltr'>aequo</span> <span class='ocrx_word' id='word_1_229' title='bbox 1023 2067 1109 2104; x_wconf 86' lang='lat' dir='ltr'>loco</span> <span class='ocrx_word' id='word_1_230' title='bbox 1135 2067 1192 2105; x_wconf 92' lang='lat' dir='ltr'>di-</span> 
     </span>
     <span class='ocr_line' id='line_1_32' title="bbox 53 2124 1181 2176; baseline 0.003 -16"><span class='ocrx_word' id='word_1_231' title='bbox 53 2124 231 2169; x_wconf 85' lang='lat' dir='ltr'>micandi,</span> <span class='ocrx_word' id='word_1_232' title='bbox 260 2125 372 2162; x_wconf 89' lang='lat' dir='ltr'>detur</span> <span class='ocrx_word' id='word_1_233' title='bbox 392 2126 554 2170; x_wconf 84' lang='lat' dir='ltr'>occasio,</span> <span class='ocrx_word' id='word_1_234' title='bbox 576 2138 623 2162; x_wconf 92' lang='lat' dir='ltr'>ne</span> <span class='ocrx_word' id='word_1_235' title='bbox 643 2125 864 2163; x_wconf 84' lang='lat' dir='ltr'>facultatem</span> <span class='ocrx_word' id='word_1_236' title='bbox 887 2125 1181 2176; x_wconf 85' lang='lat' dir='ltr'>praetermittat.</span> 
     </span>
    </p>

    <p class='ocr_par' dir='ltr' id='par_1_4' title="bbox 49 2185 1190 2297">
     <span class='ocr_line' id='line_1_33' title="bbox 105 2185 1190 2236; baseline 0.002 -15"><span class='ocrx_word' id='word_1_237' title='bbox 105 2185 290 2222; x_wconf 83' lang='lat' dir='ltr'>XXXIV.</span> <span class='ocrx_word' id='word_1_238' title='bbox 346 2185 439 2223; x_wconf 82' lang='lat' dir='ltr'>Erat</span> <span class='ocrx_word' id='word_1_239' title='bbox 464 2186 571 2223; x_wconf 86' lang='lat' dir='ltr'>vallis</span> <span class='ocrx_word' id='word_1_240' title='bbox 602 2186 701 2223; x_wconf 83' lang='lat' dir='ltr'>inter</span> <span class='ocrx_word' id='word_1_241' title='bbox 733 2186 827 2223; x_wconf 82' lang='lat' dir='ltr'>duas</span> <span class='ocrx_word' id='word_1_242' title='bbox 857 2186 972 2230; x_wconf 86' lang='lat' dir='ltr'>acies,</span> <span class='ocrx_word' id='word_1_243' title='bbox 1003 2194 1042 2223; x_wconf 92' lang='lat' dir='ltr'>ut</span> <span class='ocrx_word' id='word_1_244' title='bbox 1073 2199 1190 2236; x_wconf 85' lang='lat' dir='ltr'>supra</span> 
     </span>
     <span class='ocr_line' id='line_1_34' title="bbox 49 2245 1190 2297; baseline 0.002 -15"><span class='ocrx_word' id='word_1_245' title='bbox 49 2245 350 2284; x_wconf 78' lang='lat' dir='ltr'>demonstratum</span> <span class='ocrx_word' id='word_1_246' title='bbox 369 2255 442 2292; x_wconf 86' lang='lat' dir='ltr'>est,</span> <span class='ocrx_word' id='word_1_247' title='bbox 457 2260 531 2285; x_wconf 92' lang='lat' dir='ltr'>non</span> <span class='ocrx_word' id='word_1_248' title='bbox 548 2247 599 2284; x_wconf 87' lang='lat' dir='ltr'>ita</span> <span class='ocrx_word' id='word_1_249' title='bbox 619 2260 772 2297; x_wconf 82' lang='lat' dir='ltr'>magno,</span> <span class='ocrx_word' id='word_1_250' title='bbox 793 2254 831 2284; x_wconf 89' lang='lat' dir='ltr'>at</span> <span class='ocrx_word' id='word_1_251' title='bbox 850 2246 990 2285; x_wconf 84' lang='lat' dir='ltr'>difficili</span> <span class='ocrx_word' id='word_1_252' title='bbox 1011 2254 1050 2284; x_wconf 88' lang='lat' dir='ltr'>et</span> <span class='ocrx_word' id='word_1_253' title='bbox 1070 2247 1190 2284; x_wconf 80' lang='lat' dir='ltr'>arduo</span> 
     </span>
    </p>
   </div>
  </div>
 </body>
</html>
