1472 2664
260 278 330 313 112
567 274 641 312 DE
683 274 860 312 BELLO
902 274 1069 312 CIVILI

258 377 310 413 illi
327 378 374 414 de
390 377 601 424 deditione,
617 378 738 415 missis
752 378 900 428 legatis,
916 391 1029 428 agere
1045 386 1267 428 coeperunt.
1298 377 1396 415 Pau»

257 439 292 476 ci
307 439 447 476 ordinis
461 440 653 485 senatorii,
677 439 740 489 qui
755 452 796 476 se
811 452 898 477 cum
913 439 955 476 iis
971 441 1263 489 conjunxerant,
1283 446 1397 476 nocte

259 498 352 549 fuga
370 499 530 537 salutem
551 500 756 549 petierunt.

309 559 493 597 XCVIII.
532 561 673 597 Caesar
685 560 806 610 prima
817 559 903 597 luce
919 572 1050 596 omnes
1063 572 1142 604 eos,
1155 559 1219 610 qui
1236 559 1271 595 in
1289 572 1394 596 mon-

257 628 294 658 te
315 621 582 666 consederant,
602 634 650 658 ex
666 621 922 671 superioribus
939 621 1031 658 locis
1047 621 1084 657 in
1101 621 1294 670 planitiem
1312 620 1396 657 des-

261 681 441 726 cendere,
469 689 584 732 atque
604 695 709 719 arma
726 682 927 732 projicere,
944 682 1068 730 jussit.
1123 681 1236 722 Quod
1261 681 1323 718 ubi
1343 681 1392 717 si-

256 756 305 780 ne
325 743 563 780 recusatione
582 743 770 788 fecerunt,
792 743 986 793 passisque
1002 743 1149 793 palmis,
1168 743 1330 793 projecti
1349 741 1398 779 ad

259 809 415 847 terram,
444 803 580 841 flentes
609 804 654 841 ab
675 816 720 840 eo
740 804 900 840 salutem
922 804 1138 854 petierunt;
1166 803 1398 848 consolatus,

257 877 488 914 consurgere
502 865 639 913 jussit:
668 872 719 910 et,
740 877 861 914 pauca
880 865 980 915 apud
1000 877 1065 901 eos
1085 864 1132 901 de
1148 865 1305 901 lenitate
1325 876 1394 901 sua

259 925 426 970 locutus,
456 939 531 976 quo
551 927 696 963 minore
717 935 843 964 esseut
863 926 1011 970 timore,
1045 938 1174 962 omnes
1196 937 1398 963 conserva·

256 987 327 1030 vit;
346 987 605 1037 militibusque
620 988 695 1024 suis
715 987 1009 1031 commendavit,
1029 999 1076 1023 ne
1092 987 1155 1037 qui
1172 999 1302 1023 eorum
1318 986 1398 1022 vio·

257 1048 440 1093 latentur,
460 1060 535 1086 neu
550 1048 641 1097 quid
656 1048 712 1085 sui
733 1048 1006 1085 desiderarent.
1045 1047 1131 1084 Hac
1151 1047 1321 1083 adhibita
1340 1046 1396 1082 di-

257 1108 430 1158 ligentia,
444 1122 492 1145 ex
509 1109 641 1145 castris
655 1109 724 1145 sibi
743 1109 910 1157 legiones
925 1109 1015 1145 alias
1031 1119 1248 1151 occurrere,
1263 1114 1303 1144 et
1318 1119 1397 1152 caS,

257 1182 350 1219 quas
370 1182 500 1207 secum
531 1170 708 1215 duxerat,
739 1170 898 1207 invicem
929 1170 1185 1219 requiescere,
1213 1176 1327 1218 atquc
1360 1168 1398 1204 in

257 1237 381 1268 castra
393 1230 546 1275 reverti,
556 1230 689 1280 jussit:
710 1231 921 1281 eodemque
936 1230 996 1267 die
1011 1229 1197 1267 Larissam
1211 1228 1398 1279 pervenit.

311 1291 454 1328 XCIX.
507 1291 552 1328 In
572 1303 618 1328 eo
637 1291 784 1342 proelio
804 1303 879 1327 non
900 1290 1060 1341 amplius
1076 1302 1123 1327 cc
1139 1289 1277 1326 milites
1296 1288 1395 1326 desi-

259 1351 405 1389 deravit
423 1367 430 1393 ;
458 1351 526 1390 sed
544 1352 803 1396 centuriones,
822 1350 939 1388 fortes
954 1350 1067 1396 viros,
1089 1349 1244 1387 circiter
1258 1359 1342 1385 xxx
1360 1361 1399 1386 a·

257 1412 371 1450 misit.
408 1413 641 1450 Interfectus
659 1419 718 1450 est
737 1413 850 1449 etiam
870 1411 1073 1449 fortissime
1092 1422 1266 1460 pugnans
1287 1410 1398 1447 Cras-

261 1473 375 1520 tinuS‚
404 1475 512 1523 cujus
531 1473 765 1510 mentionem
792 1486 906 1523 supra
933 1472 1105 1517 fecimus,
1133 1471 1259 1521 gladio
1289 1471 1326 1507 in
1356 1483 1399 1508 os

261 1534 462 1572 adversum
483 1536 672 1584 conjecto.
726 1534 863 1585 Neque
882 1533 920 1570 id
939 1534 1012 1570 fuit
1030 1532 1180 1577 falsum,
1201 1531 1302 1582 quod
1321 1531 1398 1578 ille,

258 1594 297 1630 in
309 1608 478 1645 pugnarn
495 1595 754 1645 proficiscens,
770 1594 918 1632 dixerat
934 1608 942 1630 :
962 1593 1018 1631 sic
1029 1592 1129 1630 enim
1145 1593 1285 1630 Caesar
1300 1592 1400 1629 exis-

262 1655 435 1700 timabat,
463 1669 510 1694 eo
529 1655 675 1706 proelio
703 1655 1062 1693 excellentissimam
1087 1654 1266 1690 virtutem
1287 1653 1400 1690 Cras·

260 1716 330 1753 tini
348 1717 490 1760 fuisse;
519 1717 737 1768 optimeque
757 1730 843 1754 eum
863 1717 911 1753 de
930 1728 970 1752 se
989 1715 1165 1752 meritum
1189 1714 1400 1763 judicabat.

261 1776 323 1815 Ex
351 1778 587 1828 Pompeiano
617 1778 790 1816 exercitu
821 1777 974 1815 circiter
1002 1776 1119 1812 millia
1138 1787 1194 1811 xv
1214 1774 1399 1812 cecidisse

258 1837 506 1876 videbantur:
534 1839 602 1876 sed
621 1838 658 1875 in
677 1838 908 1875 deditionem
929 1843 1116 1874 venerunt
1135 1835 1296 1886 amplius
1315 1835 1398 1872 mil-

257 1899 308 1935 lia
329 1911 447 1945 xxlv,
473 1899 657 1950 (namque
677 1899 790 1936 ctiam
812 1899 1001 1944 cohortes,
1035 1910 1133 1948 quae
1152 1895 1340 1947 praesidio
1360 1895 1398 1932 in

257 1961 422 1998 castellis
436 1961 603 2007 fuerant,
622 1973 704 1999 sese
722 1960 848 1997 Sullae
865 1959 1092 1996 dediderunt
1107 1959 1139 2008 z)
1160 1956 1267 1993 multi
1283 1968 1392 2007 prae-

259 2029 366 2059 terea
384 2022 422 2058 in
445 2021 622 2059 finitimas
637 2021 810 2058 civitates
828 2019 1065 2070 refugerunt,
1094 2018 1278 2068 signaque
1298 2015 1396 2053 mili-

261 2083 358 2119 taria
377 2095 423 2120 ex
455 2082 600 2132 proelio
619 2082 667 2119 ad
698 2082 899 2119 Caesarem
919 2088 1008 2117 sunt
1039 2080 1158 2116 relata
1176 2089 1326 2123 cnxxx,
1357 2083 1397 2114 et

261 2143 408 2193 aquilae
430 2155 484 2180 ix.
538 2143 584 2180 L,
602 2142 808 2187 Domitius,
829 2155 877 2178 ex
899 2141 1030 2178 castris
1051 2140 1086 2177 in
1107 2147 1275 2176 montem
1295 2137 1396 2176 refu-

260 2203 383 2253 giens,
412 2217 526 2253 quum
547 2203 645 2240 vires
665 2216 750 2240 euin
771 2202 993 2240 lassitudine
1012 2200 1258 2245 defecissent,
1291 2200 1338 2236 ab
1358 2212 1396 2237 e-

262 2265 430 2315 quitibus
450 2272 506 2302 cst
528 2264 763 2301 interfectus.

313 2325 357 2363 C.
396 2325 541 2366 Eodem
557 2333 726 2376 tempore
743 2325 794 2363 D.
811 2324 964 2362 Laelius
977 2337 1062 2363 cum
1079 2324 1198 2361 classe
1211 2323 1258 2360 ad
1274 2322 1396 2360 Brun-
