1472 2664
520 277 685 314 LIBER
737 277 810 314 111.
1175 282 1225 317 93

91 392 199 418 verso
217 379 367 425 itinere,
386 391 499 429 quam
531 380 657 429 potuit
688 378 962 424 occultissime,
982 379 1148 429 reliquas
1167 393 1232 418 co·-

92 440 235 486 hortes,
266 453 424 478 numero
442 452 596 487 xxxul,
624 441 663 477 in
684 441 822 490 quibus
840 448 921 478 erat
940 440 1040 490 legio
1061 452 1118 485 1x,
1138 441 1233 478 mul-

91 501 139 537 tis
155 501 300 539 amissis
316 500 617 546 centurionibus,
633 501 906 551 deminutoque
926 501 1086 538 militum
1102 514 1233 538 nume-

93 575 150 607 ro,
169 562 217 598 ad
231 561 420 610 legionem
439 560 614 611 Pompeii
634 571 835 610 castraque
855 562 1001 598 minora
1022 561 1166 611 duplici
1193 575 1232 599 a·

92 622 150 659 cie
168 621 290 658 duxit⁴
343 621 482 671 Neque
511 634 599 658 eum
618 621 738 672 prima
753 621 880 671 opinio
895 621 1042 658 fefellit.
1086 621 1183 659 Nam
1195 629 1236 660 et

90 681 262 732 pervenit
273 681 391 731 prius,
407 694 520 732 quam
533 682 738 732 Pompeius
753 682 894 719 sentire
907 689 1049 732 posset,
1062 690 1115 726 et,
1137 690 1232 719 tam-

90 742 160 779 etsi
197 749 306 779 erant
334 742 565 780 munitiones
597 750 808 780 castrorum
834 755 1008 792 magnae,
1038 750 1163 780 tamen
1183 743 1231 780 si-

88 802 208 840 nistro
227 816 360 848 cornu,
389 803 454 840 ubi
473 810 555 840 erat
575 803 669 852 ipse,
703 803 880 840 celeriter
899 816 1099 852 aggressus
1118 803 1230 840 Pom-

87 863 257 912 peianos,
276 876 326 901 ex
346 863 443 900 vallo
459 863 688 900 deturbavit.
742 863 836 905 Erat
855 864 1028 912 objectus
1048 864 1168 913 portis
1189 875 1229 900 e-

89 923 217 960 ricius.
270 923 348 960 Hic
381 923 586 973 paullisper
605 932 663 960 est
681 931 890 973 pugnatum
910 939 919 965 ς
959 937 1073 973 quum
1095 923 1230 960 irrum—

86 996 177 1034 pere
195 984 316 1021 nostri
342 992 586 1030 conarentur,
614 984 668 1020 illi
688 993 811 1021 castra
831 984 1083 1022 defenderent
1102 984 1228 1022 fortis-

86 1045 194 1090 sime,
224 1044 270 1081 T.
303 1044 502 1089 Pulcione,
530 1046 638 1094 cujus
667 1057 782 1095 opera
799 1045 991 1094 proditum
1011 1045 1227 1082 exercitum

89 1105 135 1142 C.
172 1105 333 1142 Antonii
362 1105 717 1150 demonstravimus,
761 1118 782 1142 e
822 1105 907 1142 loco
946 1113 1225 1155 propugnante.

88 1165 166 1202 Sed
184 1172 311 1202 tamen
331 1165 449 1202 nostri
469 1165 606 1203 virtute
633 1165 820 1211 vicerunt,
853 1165 1061 1215 excisoque
1090 1166 1222 1211 ericio,

84 1226 206 1276 primo
226 1226 264 1262 in
283 1227 425 1276 majora
439 1233 577 1271 castra,
597 1233 682 1276 post
701 1226 813 1263 etiam
835 1226 872 1262 in
892 1225 1103 1270 castellum,
1124 1225 1227 1275 quod

85 1293 166 1322 erat
184 1286 372 1323 inclusum
391 1286 595 1335 majoribus
610 1287 757 1331 castris,
777 1287 1017 1335 irruperunt;
1049 1294 1101 1330 et,
1122 1286 1225 1336 quod

84 1359 130 1384 eo
143 1346 254 1396 pulsa
267 1346 369 1396 legio
387 1359 471 1384 sese
489 1354 701 1396 receperat,
722 1346 922 1383 nonnullos
937 1347 989 1383 ibi
1008 1359 1224 1396 repugnan-

85 1413 143 1443 tes
161 1406 450 1444 interfecerunt.

133 1467 319 1504 LXVIII.
348 1467 425 1505 Sed
438 1468 605 1513 fortuna,
622 1480 719 1518 quae
735 1467 939 1517 plurimum
952 1475 1093 1517 potest,
1107 1481 1225 1518 quum

82 1527 121 1564 in
139 1527 293 1578 reliquis
310 1528 436 1573 rebus,
465 1537 546 1565 tum
573 1529 778 1579 praecipue
797 1529 837 1564 in
857 1529 970 1574 bello,
1001 1529 1125 1578 parvis
1146 1542 1224 1565 mo-

85 1588 223 1625 mentis
255 1601 411 1637 magnas
440 1601 568 1625 rerum
587 1589 904 1626 commutationes
923 1588 1054 1630 efficit;
1085 1596 1125 1625 ut
1144 1597 1225 1626 tum

87 1648 239 1686 accidit.
302 1648 574 1695 Munitionem‚
604 1663 717 1700 quam
748 1649 941 1698 pertinere
973 1662 995 1686 a
1022 1649 1155 1686 castris
1173 1649 1222 1686 ad

84 1709 227 1746 flumen
246 1722 361 1759 supra
379 1709 731 1755 demonstravimus,
762 1709 889 1747 dextri
910 1710 1086 1747 Caesaris
1106 1722 1225 1747 cornu

85 1769 277 1815 cohortes,
295 1770 511 1819 ignorantia
530 1770 619 1815 loci,
637 1778 726 1807 sunt
743 1778 913 1815 secutae,
941 1783 1056 1820 quum
1076 1777 1224 1819 portam

83 1837 324 1879 quaererent,
343 1837 632 1880 castrorumque
651 1843 734 1867 eam
751 1831 1002 1867 munitionem
1022 1842 1104 1866 esse
1125 1830 1224 1866 arbi-

82 1898 285 1928 trarentur.
320 1891 435 1933 Quod
455 1905 571 1942 quum
585 1900 686 1928 esset
702 1891 1019 1935 animadversum,
1040 1891 1224 1939 conjunc-

82 1958 160 1987 tam
192 1963 275 1988 esse
301 1951 474 1994 flumini3
500 1953 664 2002 prorutis
692 1952 749 1988 his
768 1951 1056 1996 munitionibus,
1090 1951 1223 1988 defen-

84 2009 202 2048 dente
221 2010 339 2055 nullo,
369 2011 702 2056 transcenderunt,
730 2011 928 2061 omnisque
955 2019 1086 2048 noster
1118 2011 1224 2062 equi-

83 2077 186 2108 tatus
204 2083 269 2108 eas
300 2071 481 2108 cohortes
499 2079 557 2108 est
575 2079 742 2109 secutus.

130 2129 275 2167 LXIX.
328 2131 487 2168 Interim
515 2132 732 2182 Pompeius,
763 2132 834 2170 hac
853 2133 943 2170 satis
970 2133 1085 2182 longa
1104 2131 1222 2168 inter-

77 2192 183 2240 jecta
199 2204 320 2236 mora,
339 2200 378 2228 et
398 2204 438 2229 re
458 2193 651 2237 nunciata,
682 2205 707 2229 v
727 2193 932 2244 legionem,
952 2194 999 2230 ab
1020 2206 1135 2243 opere
1155 2193 1222 2230 de-

81 2251 250 2297 ductam,
281 2252 450 2289 subsidio
470 2253 546 2289 suis
568 2253 704 2297 duxit;
736 2254 949 2305 eodemque
976 2263 1149 2303 tempore
1179 2265 1221 2289 e-

77 2311 247 2362 quitatus
265 2314 348 2363 ejus
368 2313 506 2352 nostris
525 2313 718 2364 equitibus
747 2314 1091 2365 appropinquabat,
1117 2320 1155 2350 et
1182 2325 1220 2350 a·
