1472 2664
466 295 631 333 LIBER
682 296 756 333 111.
1139 301 1188 337 99

54 399 146 437 bore
165 404 354 449 suscepto,
374 411 490 449 quum
505 411 546 435 se
561 400 708 449 magnis
727 398 925 436 itineribus
944 399 1185 445 extenderet,

54 468 92 497 et
106 471 346 511 praegressos
361 459 544 509 consequi
563 466 736 509 cuperet,
756 471 803 496 lv
817 459 879 496 die
894 460 1008 496 finem
1023 472 1187 510 sequen-

54 522 93 558 di
110 521 216 567 fecit,
247 527 362 570 atque
380 520 483 557 alind
501 519 571 556 sibi
591 519 790 557 consilium
811 520 1038 570 capiendum
1059 520 1189 557 existi-

56 582 184 619 mavit.

103 641 326 678 LXXVIII.
367 641 520 678 Caesari
535 641 583 678 ad
597 641 746 679 saucios
765 641 1026 692 deponendos,
1046 641 1188 692 stipen-

53 702 156 739 dium
175 701 361 739 exercitui
381 702 561 747 dandum,
589 702 713 740 socios
732 702 1027 746 confirmandos,
1047 703 1188 752 praesi-

50 762 155 799 dium
174 761 331 799 urbibus
350 761 654 812 relinquendum‚
674 774 832 800 necesse
848 769 929 799 erat
945 763 1049 800 adire
1071 764 1190 813 Apol-

50 821 213 858 loniam:
242 821 310 858 sed
328 821 386 857 his
405 822 518 858 rebus
534 829 683 859 tantum
703 822 885 872 temporis
904 823 1050 868 tribuit,
1071 836 1189 873 quan-

50 889 132 919 tum
151 888 232 918 erat
250 882 473 932 properanti
493 894 649 920 necesse
665 898 674 925 ;
703 883 917 933 timensque
936 883 1123 929 Domitio,
1144 897 1192 920 ne

50 943 217 980 adventu
238 941 408 992 Pompeii
436 950 799 993 praeoccuparetur,
832 944 879 981 ad
900 957 986 981 eum
1006 946 1107 982 omni
1128 958 1191 982 ce«

49 1003 200 1039 leritate
220 1009 260 1039 et
279 1003 405 1039 studio
432 1003 611 1040 incitatus
639 1003 846 1041 ferebatur.
902 1005 1038 1042 Totius
1057 1013 1186 1042 autem

50 1063 107 1100 rei
132 1062 333 1100 consilium
352 1062 410 1098 his
430 1063 639 1101 rationibus
671 1064 904 1114 explicabat,
933 1073 987 1110 ut,
1021 1067 1051 1102 si
1080 1066 1192 1102 Pom-

49 1124 158 1174 peius
177 1123 313 1160 eodem
334 1123 599 1169 contenderet,
619 1124 825 1161 abductum
847 1125 953 1161 illum
973 1138 995 1162 a
1009 1126 1116 1170 mari,
1136 1133 1193 1162 at-

49 1197 124 1235 que
143 1185 190 1221 ab
210 1184 254 1221 iis
274 1184 405 1234 copiis,
425 1197 518 1234 quas
537 1184 771 1235 Dyrrhachii
791 1194 1092 1235 comparaverat,
1112 1186 1190 1223 fru-

47 1253 179 1282 mento
199 1258 245 1283 ac
265 1252 482 1282 commeatu
500 1245 748 1290 abstractum,
773 1246 853 1296 pari
873 1247 1092 1284 conditione
1112 1248 1192 1284 bel-

46 1306 73 1342 li
104 1318 234 1343 secum
260 1305 458 1343 decertare
487 1312 670 1355 cogeret;
706 1306 736 1342 si
756 1306 793 1342 in
823 1306 972 1344 Italiam
1001 1309 1192 1355 transiret,

52 1368 261 1416 conjuncto
287 1365 462 1403 exercitu
491 1379 578 1403 cum
598 1366 771 1404 Domitio
800 1379 868 1417 per
888 1368 1085 1417 illyricum
1115 1369 1192 1407 Ita-

50 1427 125 1464 liae
145 1426 313 1464 subsidio
327 1425 655 1476 proficisceretur;
675 1427 733 1463 sin
752 1427 994 1477 Apolloniam
1016 1430 1193 1467 Oricum-

52 1500 127 1538 que
146 1499 382 1537 oppugnare,
416 1493 455 1523 et
473 1499 514 1523 se
533 1487 635 1523 omni
664 1487 853 1525 maritima
872 1501 939 1525 ora
966 1490 1191 1536 excludere,

53 1554 271 1591 conaretur,
300 1546 454 1583 obsesso
473 1553 601 1583 tamen
623 1546 817 1596 Scipione,
846 1547 1061 1584 necessario
1089 1547 1194 1583 illum

50 1607 127 1644 suis
147 1606 332 1644 auxilium
350 1605 450 1643 ferre
470 1613 638 1656 cogeret.
691 1606 843 1657 Itaque,
863 1608 1077 1657 praemissis
1098 1621 1194 1644 nun-

51 1668 133 1712 ciis,
160 1667 208 1704 ad
229 1667 300 1705 Cn.
320 1666 532 1704 Domitium
559 1667 700 1704 Caesar
718 1667 884 1718 scripsit,
913 1674 965 1712 et,
994 1667 1085 1718 quid
1111 1668 1194 1705 fieri

48 1729 179 1773 vellet,
208 1728 397 1765 ostendit:
425 1727 691 1778 praesidioque
721 1728 949 1778 Apolloniae
971 1729 1193 1765 cohortibus

47 1800 109 1834 lv,
129 1788 228 1825 Lissi
252 1803 279 1834 ι,
309 1800 361 1825 111
383 1789 490 1826 Orici
511 1789 668 1833 relictis,
697 1789 838 1839 quique
858 1796 970 1825 erant
990 1801 1039 1825 ex
1060 1789 1194 1825 vulne-

51 1849 154 1886 ribus
174 1850 280 1899 aegri
306 1849 501 1900 dcpositis,
529 1862 598 1900 per
618 1849 776 1899 Epirum
796 1856 912 1900 atque
932 1849 1193 1886 Acarnaniam

51 1909 124 1946 iter
156 1908 284 1947 facere
317 1910 457 1959 coepit.
511 1910 718 1960 Pompeius
744 1922 910 1960 quoque,
939 1910 988 1946 de
1019 1909 1194 1947 Caesaris

51 1970 210 2008 consilio
231 1973 454 2020 conjectura
466 1971 657 2020 judicans,
677 1971 725 2007 ad
747 1970 965 2020 Scipionem
984 1983 1193 2020 properan-

50 2031 140 2068 dum
159 2031 231 2068 sibi
261 2031 517 2076 existimabat,
544 2031 574 2068 si
602 2031 743 2068 Caesar
770 2031 843 2068 iter
861 2031 924 2069 illo
952 2032 1124 2078 haberet,
1153 2041 1196 2070 ut

50 2092 259 2130 subsidium
281 2091 452 2142 Scipioni
471 2091 610 2135 serret;
639 2092 669 2128 si
689 2093 736 2129 ab
755 2105 822 2130 ora
840 2092 1028 2130 maritima
1048 2093 1194 2144 Corcy-

50 2164 168 2202 raque
198 2152 395 2190 discedere
415 2152 548 2197 nollet,
576 2151 679 2202 quod
709 2152 879 2203 legiones
899 2155 1192 2205 equitatumque

50 2225 100 2249 ex
119 2212 231 2250 Italia
249 2219 507 2263 exspectaret,
535 2213 615 2262 ipse
634 2219 677 2249 ut
708 2214 883 2251 omnibus
913 2215 1033 2265 copiis
1058 2215 1194 2253 Domi-

53 2272 149 2310 tium
169 2273 456 2324 aggrederetur.

103 2333 288 2370 LXXIX.
341 2333 392 2370 Iis
411 2333 459 2370 de
479 2333 622 2371 caussis
650 2341 813 2385 uterque
840 2347 974 2373 eorum
1005 2336 1194 2374 celeritati
