1472 2664
453 277 619 318 LIBER
672 277 705 316 Ι.
1140 275 1190 312 23

51 387 116 440 qui
148 385 302 437 aliquid,
331 383 436 429 victi,
464 380 696 420 incommodi
720 376 1058 430 exspectavissent,
1088 376 1190 414 ultro

53 449 261 500 praemium
279 444 467 483 missionis
485 444 641 480 ferrent.
695 441 810 485 Nam,
842 451 959 490 quum
979 437 1026 474 de
1045 437 1131 475 loco
1151 445 1190 475 et

52 517 224 559 tempore
250 508 332 557 ejus
351 506 406 542 rei
438 503 698 542 controversia
724 501 943 544 inferretur,
976 505 1016 535 et
1034 511 1130 536 voce
1149 505 1190 535 ct

53 570 224 607 manibus
242 567 405 605 universi
425 579 474 602 ex
492 564 605 610 vallo,
625 563 689 601 ubi
709 561 972 605 constiterant,
1001 559 1193 609 significa-

54 643 95 668 re
111 636 332 679 coeperunt,
353 635 395 664 ut
413 626 540 664 statim
556 624 856 665 dimitterentur;
875 633 999 670 neque
1015 619 1116 656 omni
1136 619 1194 655 in-

55 690 239 740 terposita
267 688 342 725 fide
360 688 511 724 firmum
530 698 612 723 csse
640 696 765 736 posse,
798 682 829 719 si
848 682 887 718 in
915 678 1018 718 aliud
1044 687 1195 730 tempus

55 749 280 788 differretur.
333 747 470 785 Paucis
498 759 613 797 quum
641 750 741 781 esset
760 743 798 779 in
819 749 1018 791 utramque
1047 748 1196 790 partem

55 811 180 849 verbis
199 810 446 861 disputatum,
477 820 537 845 res
555 807 632 843 huc
659 804 876 848 deducitur,
909 809 950 839 ut
970 801 1008 846 ii,
1040 801 1105 851 qui
1132 801 1198 838 ha-

57 874 176 911 beant
207 870 441 909 domicilium
460 876 526 906 aut
552 866 811 918 possessiones
830 863 869 900 in
888 862 1090 913 Hispania,
1122 870 1198 899 sta-

57 934 150 976 tim3
180 931 315 982 reliqui
334 931 383 968 ad
412 929 556 966 Varum
574 927 716 964 flumen
745 925 1004 963 dimittantur:
1038 936 1086 960 ne
1107 923 1200 974 quid

57 994 112 1032 eis
130 1000 329 1038 noceatur,
356 1004 432 1028 neu
452 989 535 1040 quis
554 988 693 1026 invitus
712 992 951 1024 sacramento
982 984 1111 1022 dicere
1132 997 1196 1022 co-

59 1062 172 1106 gatur
191 1066 214 1090 a
232 1053 411 1096 Caesare,
431 1057 597 1088 cavetur.

111 1112 353 1151 LXXXVII.
394 1111 536 1148 Caesar
551 1122 600 1147 ex
615 1120 662 1145 eo
677 1114 862 1158 tempore,
883 1105 973 1143 dum
992 1106 1041 1143 ad
1058 1106 1203 1143 flumen

60 1174 205 1211 Varum
225 1173 411 1216 veniatur,
439 1183 479 1207 se
498 1170 728 1206 frumentum
749 1168 941 1211 daturum,
973 1166 1176 1217 pollicetur
1193 1180 1202 1201 z

61 1234 167 1273 addit
186 1233 314 1277 etiam,
334 1238 391 1276 ut,
411 1230 501 1280 quid
521 1229 679 1280 quisque
699 1240 830 1264 eorum
850 1226 887 1263 in
901 1226 1003 1263 bello
1019 1227 1202 1271 amiserit,

60 1307 158 1346 quae
177 1293 252 1331 sint
269 1304 388 1343 penes
406 1291 546 1327 milites
565 1301 666 1332 suos,
695 1288 753 1333 iis,
774 1287 837 1337 qui
857 1287 1065 1331 amiserint,
1094 1287 1203 1324 resti-

61 1361 214 1393 tuatur:
233 1353 428 1397 militibus,
449 1362 570 1400 aequa
583 1349 686 1386 facta
704 1347 982 1393 aestimatione,
1001 1347 1204 1398 pecuniam

63 1428 132 1468 pro
151 1415 194 1452 iis
212 1414 326 1451 rebus
345 1411 528 1449 dissolvit.
566 1411 824 1459 Quascunque
839 1414 973 1459 postea
987 1414 1206 1445 controver-

63 1477 138 1514 sias
156 1476 255 1513 inter
273 1486 314 1511 se
331 1473 471 1509 milites
489 1470 707 1514 habuerint,
736 1481 803 1506 sua
832 1476 970 1519 sponte
989 1469 1037 1506 ad
1069 1468 1210 1506 Caesa-

64 1549 145 1574 rem
166 1536 203 1572 in
217 1537 280 1584 jus
301 1533 490 1571 adierunt.
544 1530 718 1568 Petreius
738 1537 852 1579 atque
874 1528 1070 1575 Afranius,
1090 1542 1207 1579 quum

65 1596 297 1647 stipendium
317 1595 362 1632 ab
378 1592 605 1643 legionibus,
626 1603 747 1642 paene
762 1589 948 1627 seditione
964 1588 1079 1635 facta,
1099 1589 1210 1639 flagi-

65 1665 226 1702 taretur,
245 1656 353 1705 cujus
369 1654 421 1690 illi
435 1654 535 1690 diem
555 1652 723 1690 nondum
739 1650 887 1689 venisse
901 1650 1088 1696 dicerent,
1108 1651 1207 1688 Cae-

67 1731 128 1756 sar
146 1725 189 1755 ut
209 1722 474 1767 cognosceret,
506 1713 723 1764 postulant;
759 1724 883 1761 eoque
904 1711 1069 1761 utrique,
1103 1711 1207 1761 quod

66 1779 213 1824 statuit,
241 1777 413 1814 contenti
430 1775 600 1812 suerunt.
653 1773 767 1810 Parte
787 1771 941 1809 circiter
960 1771 1074 1808 tertia
1093 1783 1207 1808 exer-

68 1840 167 1878 citus
186 1852 231 1876 eo
250 1838 368 1875 biduo
401 1836 567 1880 dimissa,
607 1848 637 1872 11
658 1834 828 1884 legiones
860 1845 946 1870 suas
966 1833 1211 1878 antecedere,

69 1900 236 1950 reliquas
254 1897 452 1948 subsequi,
466 1896 592 1946 jussit,
621 1902 664 1932 ut
683 1907 758 1931 non
777 1894 893 1942 longo
913 1894 1012 1930 inter
1030 1905 1071 1930 se
1089 1892 1214 1943 spatio

71 1968 196 1999 castra
213 1959 409 2000 facerent;
446 1956 559 2006 eique
590 1955 746 2005 negotio
776 1955 824 1996 Q.
856 1953 1001 1990 Fufium
1022 1953 1214 1990 Kalenum

69 2022 237 2071 legatum
253 2018 440 2070 praeficit.
494 2017 584 2054 Hoc
603 2018 684 2066 ejus
703 2015 939 2066 praescripto
959 2027 1008 2052 ex
1028 2013 1217 2063 Hispania

71 2081 122 2119 ad
153 2081 297 2118 Varum
324 2079 466 2116 flumen
486 2085 545 2115 est
574 2077 646 2115 iter
663 2076 822 2122 factum,
855 2082 970 2126 atque
989 2074 1042 2111 ibi
1069 2073 1216 2123 reliqua

71 2153 158 2194 pars
177 2140 371 2180 exercitus
391 2138 555 2177 dimissa.
