1472 2664
247 243 319 281 170
678 242 727 277 A.
768 240 946 278 HIRTII

290 343 473 381 LXXVI.
517 343 664 393 Magno
683 351 797 394 atque
812 344 890 380 acri
903 342 1050 393 proelio
1068 342 1279 380 comminus
1297 343 1377 381 fac-

245 411 298 450 to,
319 404 456 446 dextro
478 417 612 450 cornu,
640 417 715 454 quo
734 411 915 441 veterana
932 403 1034 454 legio
1054 414 1098 440 vl
1119 411 1201 441 erat
1220 404 1385 442 colloca-

244 472 297 512 ta,
331 465 480 502 initium
500 464 682 502 victoriae
703 472 833 501 natum
853 471 924 501 est.
977 465 1041 501 Ab
1061 476 1108 501 ea
1133 471 1241 515 parte
1271 478 1387 515 quum

244 526 281 562 in
302 526 469 576 proclive
489 525 787 563 detruderentur
806 525 961 568 hostes3
988 524 1110 562 multo
1129 526 1287 571 tardius,
1321 526 1389 563 sed

244 593 373 624 tamen
392 586 522 624 iisdem
539 586 609 622 diis
625 585 905 635 adjuvantibus,
924 585 1077 622 sinistro
1093 598 1227 632 cornu,
1247 586 1390 624 media·

246 660 320 698 que
336 648 432 692 acie,
451 655 554 684 totae
574 647 826 697 profligantur
845 646 979 697 copiae
999 646 1122 696 regis:
1143 659 1255 697 quae,
1275 658 1389 697 quam

245 708 358 745 facilc
377 707 572 745 subierant
591 708 762 757 iniquum
782 708 923 754 locum,
951 715 1029 744 tam
1049 707 1240 753 celeriter,
1267 707 1390 757 gradu

247 769 391 820 pulsae,
425 769 696 818 premebantur
714 767 788 805 loci
817 767 1032 819 iniquitate.
1085 767 1235 819 Itaque,
1261 767 1391 805 multis

246 829 431 866 militibus
450 829 587 879 partim
608 828 833 874 interfectis,
861 829 999 879 partim
1017 841 1173 866 suorum
1195 827 1305 865 ruina
1323 841 1390 880 op·

245 891 406 942 pressis;
431 890 496 941 qui
514 890 719 927 velocitate
739 889 907 939 effugere
925 896 1117 940 poterant,
1138 889 1250 926 armis
1264 896 1392 927 tamen

245 951 444 1003 projectis,
471 951 607 988 vallem
629 950 867 1001 transgressi,
895 950 990 987 nihil
1009 963 1059 987 ex
1086 950 1172 987 loco
1191 950 1389 1000 superiore

251 1013 414 1049 inermes
433 1011 620 1062 proficere
640 1018 832 1062 poterant.
887 1014 940 1049 At
960 1010 1094 1056 nostri,
1113 1010 1273 1048 victoria
1287 1011 1392 1057 elati,

248 1072 377 1109 subire
405 1071 577 1122 iniquum
597 1072 739 1117 locum,
771 1071 1080 1122 munitionesque
1108 1070 1290 1122 aggredi,
1313 1084 1391 1109 non

249 1132 486 1170 dubitarunt.
531 1131 841 1170 Defendentibus
860 1142 987 1170 autem
1007 1132 1051 1169 iis
1070 1132 1293 1170 cohortibus
1312 1145 1394 1170 cas-

248 1205 320 1243 tra,
358 1209 451 1247 quas
482 1196 700 1234 Pharnaces
732 1196 922 1247 praesidio
955 1197 1177 1247 reliquerat,
1215 1196 1394 1234 celeriter

249 1258 383 1296 castris
414 1257 580 1295 hostium
614 1265 702 1294 sunt
733 1257 858 1307 potiti.
911 1256 1122 1295 Interfecta
1149 1256 1396 1294 multitudine

248 1331 418 1364 suorum,
450 1326 517 1355 aut
540 1326 664 1368 capta,
699 1318 916 1355 Pharnaces
936 1331 1022 1355 cum
1043 1317 1176 1368 paucis
1203 1318 1396 1368 equitibus

247 1379 432 1430 profugit,
452 1380 515 1418 cui
530 1379 599 1416 nisi
616 1386 827 1416 castrorum
847 1378 1084 1429 oppugnatio
1103 1378 1323 1416 facultatem
1339 1385 1396 1416 at-

251 1440 400 1477 tulisset
418 1439 575 1476 liberius
593 1439 853 1490 profugiendi,
881 1440 988 1477 vivus
1007 1439 1045 1476 in
1074 1439 1249 1477 Caesaris
1267 1445 1397 1490 potes·-

250 1508 373 1537 tatcm
403 1500 590 1537 adductus
610 1507 722 1537 esset.

303 1560 508 1597 LXXVII.
563 1559 647 1597 Tali
672 1560 846 1606 victoria,
874 1551 989 1598 toties
1007 1560 1143 1605 victor,
1171 1559 1312 1598 Caesar
1339 1558 1395 1596 in-

252 1621 425 1659 credibili
445 1628 504 1658 est
530 1620 676 1659 laetitia
694 1621 867 1667 affectus,
901 1621 1004 1672 quod
1024 1621 1233 1658 maximum
1252 1620 1396 1658 bellum

250 1689 357 1718 tanta
385 1680 582 1718 celeritate
602 1681 848 1725 confecerat3
881 1682 1061 1732 quodque
1090 1681 1205 1718 subiti
1233 1681 1400 1732 periculi

251 1741 469 1779 recordatio
490 1748 548 1778 est
566 1741 716 1788 laetior,
739 1743 842 1792 quod
861 1742 1020 1780 victoria
1038 1741 1159 1779 facilis
1179 1754 1228 1779 ex
1248 1731 1398 1779 difficil-

251 1801 352 1838 limis
381 1801 496 1838 rebus
515 1801 720 1839 acciderat.
774 1802 899 1840 Ponto
923 1809 1094 1853 recepto,
1126 1802 1269 1853 praeda
1294 1803 1398 1840 omni

254 1862 361 1912 regia
379 1861 564 1898 militibus
584 1862 815 1908 condonata,
847 1871 1003 1914 postero
1022 1863 1083 1900 die
1103 1876 1190 1901 cum
1208 1862 1400 1913 expeditis

253 1922 447 1973 equitibus
467 1920 547 1972 ipse
568 1922 835 1972 proficiscitur,
863 1923 1054 1973 legionem
1076 1935 1120 1961 V1
1142 1923 1329 1961 decedere
1349 1923 1399 1961 ad

253 1983 424 2034 praemia
442 1989 559 2032 atque
578 1982 743 2020 honores
770 1982 1017 2033 accipiendos
1038 1983 1077 2020 in
1097 1983 1247 2021 Italiam
1269 1983 1398 2034 jubet:

254 2043 398 2081 auxilia
430 2043 606 2092 Dejotari
640 2043 795 2080 domum
825 2043 1007 2081 remittit:
1045 2055 1078 2080 11
1106 2043 1279 2094 legiones
1310 2056 1398 2082 cum

255 2104 386 2142 Caelio
407 2103 610 2141 Viniciano
630 2103 667 2140 in
689 2103 815 2142 Ponto
835 2104 1029 2155 relinquit.

307 2164 535 2202 LXXVIII.
589 2164 649 2202 Ita
676 2177 744 2215 per
764 2165 1072 2216 Gallograeciam
1100 2165 1398 2217 Bithyniamque

256 2226 294 2263 in
315 2225 448 2263 Asiam
468 2225 541 2262 iter
559 2225 666 2271 facit,
699 2226 946 2277 omniumque
966 2239 1096 2264 earum
1116 2226 1399 2277 provinciarum

258 2287 306 2326 de
326 2286 596 2325 controversiis
616 2286 832 2337 cognoscit,
859 2295 899 2325 et
917 2287 1076 2326 statuit:
1098 2289 1186 2338 jura
1203 2287 1243 2327 in
1261 2295 1399 2327 tetrar-
