1472 2664
540 297 705 337 LIBER
758 298 833 338 111.
1196 302 1245 342 75

104 401 306 442 consilium
335 400 463 453 Scipio
487 402 639 454 iterque
665 409 899 446 commutat;
933 403 1106 441 Cassium
1134 405 1244 455 sequi

103 464 261 509 desistit,
294 462 464 500 Favonio
492 463 676 501 auxilium
703 463 804 501 ferre
831 463 1041 501 contendit.
1093 463 1244 515 Itaque,

105 525 166 562 die
184 537 228 562 ac
247 531 364 561 nocte
378 523 604 562 continuato
621 524 771 569 itinere,
790 524 839 561 ad
854 536 941 560 eum
959 524 1147 573 pervenit,
1167 533 1245 563 tam

104 591 318 635 opportuno
332 591 520 635 tempore,
540 591 582 622 ut
594 584 707 621 simul
722 583 934 621 Domitiani
946 584 1140 622 exercitus
1158 586 1244 636 pul-

105 644 160 682 vis
179 650 415 690 cerneretur,
443 651 483 682 et
501 644 614 696 primi
633 651 900 682 antecursores
930 643 1119 695 Scipionis
1140 645 1242 683 vide-

101 712 246 744 rentur.
300 705 361 743 Ita
376 705 508 743 Cassio
524 705 710 743 industria
723 705 900 751 Domitii,
915 704 1083 743 Favonio
1097 706 1242 758 Scipio-

98 764 157 802 nis
175 764 366 812 celeritas,
385 765 546 803 salutern
562 765 704 803 attulit.

151 825 358 862 XXXVII.
414 824 558 876 Scipio,
577 825 738 863 biduum
755 825 888 863 castris
903 826 1050 864 stativis
1069 836 1238 866 moratus

96 885 146 923 ad
164 885 320 932 flumen,
351 886 454 937 quod
473 886 574 923 inter
592 899 679 924 eum
696 894 736 924 et
754 887 917 924 Domitii
938 894 1061 925 castra
1080 888 1238 934 fluebat,

98 945 407 992 Haliacmonem,
439 946 553 984 tertio
572 945 635 984 die
653 947 777 997 prima
795 947 880 985 luce
901 948 1114 985 exercitum
1143 949 1240 986 vado

98 1007 311 1044 transducit
329 1022 338 1050 ;
375 1014 427 1053 et,
455 1007 590 1044 castris
609 1007 754 1059 positis,
787 1016 943 1058 postero
964 1008 1024 1045 die
1044 1021 1154 1046 manc
1175 1022 1239 1046 co-

95 1067 178 1118 pias
198 1074 286 1105 ante
303 1066 471 1105 frontem
491 1075 704 1106 castrorum
723 1068 889 1106 instruit.
943 1069 1137 1106 Domitius
1157 1077 1237 1106 tum

95 1140 248 1179 quoque
268 1127 339 1165 sibi
358 1127 610 1166 dubitandum
630 1141 705 1166 non
726 1130 888 1179 putavit,
917 1130 1022 1181 quin,
1042 1131 1239 1181 productis

95 1188 324 1239 legionibus,
352 1188 501 1239 proelio
520 1188 749 1225 decertaret.
805 1188 895 1235 Sed,
925 1203 1041 1240 quum
1062 1197 1163 1227 esset
1182 1191 1238 1227 in-

93 1257 154 1287 ter
171 1249 262 1287 bina
281 1256 406 1287 castra
433 1261 590 1300 campus
619 1249 773 1286 circiter
791 1250 951 1288 millium
978 1263 1156 1300 passuum
1179 1263 1238 1298 vr,

94 1309 290 1348 Domitius
317 1309 451 1348 castris
472 1310 662 1360 Scipionis
691 1310 813 1348 aciem
834 1324 940 1349 suam
959 1312 1145 1361 subjecit:
1175 1312 1239 1350 ille

92 1382 116 1409 a
138 1370 237 1408 vallo
265 1383 342 1407 non
363 1369 562 1407 discedere
582 1371 851 1420 perseveravit.
909 1372 1092 1407 Attamen
1119 1383 1236 1420 aegre

92 1431 253 1469 retentis
285 1430 515 1468 Domitianis
533 1429 718 1467 militibus
746 1437 804 1468 est
828 1430 987 1475 factum,
1016 1443 1064 1467 ne
1092 1431 1237 1480 proelio

90 1491 417 1534 contenderetur;
445 1498 486 1528 et
503 1490 684 1536 maxime,
709 1490 813 1541 quod
832 1490 933 1528 rivus
952 1490 1166 1528 difficilibus
1187 1492 1234 1527 ri-

91 1553 164 1604 pis,
184 1552 318 1590 castris
339 1551 528 1603 Scipionis
547 1552 756 1602 subjectus,
777 1563 1001 1602 progressus
1017 1558 1235 1589 nostrorum

91 1613 338 1664 impediebat.
392 1614 565 1655 Quorum
595 1613 763 1650 studium
792 1612 1107 1663 alacritatemque
1140 1626 1236 1663 pug-

90 1673 207 1711 nandi
236 1687 353 1725 quum
382 1674 624 1724 cognovisset
654 1672 797 1724 Scipio,
831 1673 1045 1724 suspicatus
1064 1673 1161 1718 fore,
1194 1681 1234 1710 ut

90 1741 244 1785 postero
263 1734 326 1772 die
345 1742 411 1773 aut
430 1734 571 1771 invitus
590 1733 773 1771 dimicare
793 1741 1011 1784 cogeretur,
1044 1740 1111 1770 aut
1129 1745 1235 1783 mag-

90 1808 141 1834 na
159 1808 246 1833 cum
275 1795 430 1833 infamia
449 1795 582 1833 castris
615 1807 655 1832 se
676 1794 887 1840 continere,
919 1794 983 1845 qui
1010 1807 1149 1844 magna
1167 1807 1235 1831 ex-

90 1855 331 1906 spectatione
350 1856 531 1902 vcnisset‚
559 1863 704 1892 temere
724 1867 961 1905 progressus,
991 1861 1140 1905 turpem
1168 1855 1236 1892 ha-

89 1916 174 1954 buit
192 1916 362 1954 exitum:
395 1924 436 1954 et
454 1923 587 1962 noctu,
607 1928 655 1953 ne
675 1915 924 1952 conclamatis
945 1915 1098 1965 quidem
1119 1916 1232 1962 vasis,

90 1977 235 2014 flumen
261 1977 410 2024 transit,
439 1984 553 2027 atque
581 1976 618 2013 in
638 1975 799 2013 eandem
819 1983 979 2025 partem,
1011 1989 1059 2014 ex
1079 1989 1151 2026 qua
1171 1989 1234 2014 ve-

85 2044 211 2084 nerat,
243 2038 371 2084 rediit,
396 2037 525 2088 ibique
545 2049 664 2087 prope
692 2036 834 2074 flumen
863 2037 968 2074 edito
990 2045 1126 2074 natura
1145 2037 1231 2075 loco

88 2106 213 2137 castra
230 2099 369 2150 posuit.
415 2097 556 2135 Paucis
575 2097 709 2135 diebus
729 2097 976 2148 interpositiS‚
1004 2105 1123 2135 noctu
1142 2098 1233 2136 insi-

91 2159 171 2197 dias
190 2160 363 2210 equitum
383 2158 600 2204 collocavit,
620 2171 695 2209 quo
715 2158 753 2195 in
772 2159 858 2196 loco
872 2159 1132 2209 superioribus
1150 2159 1231 2197 fere

90 2219 225 2258 diebus
244 2220 363 2258 nostri
382 2219 556 2270 pabulari
575 2227 865 2257 consueverant.
915 2219 980 2264 Et,
1001 2233 1118 2270 quum
1138 2234 1234 2270 quo-

90 2279 235 2318 tidiana
254 2280 532 2319 consuetudine
561 2281 610 2322 Q.
642 2279 779 2326 Varus,
812 2280 1030 2331 praefectus
1059 2281 1231 2331 equiturn

90 2339 266 2389 Domitii,
292 2342 472 2388 venisset,
505 2340 631 2379 subito
649 2340 703 2378 illi
732 2353 781 2379 ex
802 2340 946 2379 insidiis
979 2353 1231 2380 consurrexe-
