1472 2664
258 255 337 291 ‘222
696 254 748 291 A.
789 252 967 291 HIRTII

260 354 506 406 lapidumque
527 355 747 403 deterritae,
765 368 849 394 sese
869 362 1107 401 convertere,
1138 361 1177 392 et
1204 366 1292 393 suos
1316 363 1403 406 post

261 426 303 451 se
321 413 542 465 frequentes
561 415 798 466 stipatusque
817 422 1029 465 proterere,
1048 421 1087 451 et
1105 414 1143 451 in
1170 421 1299 465 portas
1317 415 1406 452 valli

260 474 478 513 semifactas
502 487 627 522 ruere,
655 476 907 513 contendunt.
961 474 1060 512 Item
1080 474 1210 512 Mauri
1240 475 1405 526 equites,

259 533 324 584 qui
344 535 381 571 in
402 536 539 573 eodem
559 549 678 573 cornu
698 548 784 574 cum
813 535 1027 586 elephantis
1057 542 1180 581 erant,
1212 535 1404 586 praesidio

258 594 416 641 deserti,
443 596 635 647 principes
667 596 833 646 fugiunt.
886 596 946 633 lta
975 596 1151 633 celeriter
1169 596 1302 633 bestiis
1330 596 1402 634 cir-

257 655 425 700 cumitis,
445 656 616 706 legiones
634 657 913 694 vallohostium
932 664 1020 694 sunt
1039 656 1209 707 potitae:
1236 664 1290 702 et,
1309 668 1403 707 pau-

258 714 312 751 cis
332 715 471 752 acriter
490 717 792 766 repugnantibus
812 716 1039 762 intersectis,
1060 716 1195 766 reliqui
1215 716 1401 754 concitati

257 775 294 810 in
316 784 455 822 castra,
476 777 578 813 unde
597 777 719 827 pridie
736 783 845 814 erant
865 777 1022 827 egressi,
1042 775 1284 826 confugiunt.

309 835 532 874 LXXXIV.
586 837 673 874 Non
693 837 844 874 videtur
858 848 941 874 esse
956 837 1340 888 praetermittendum
1355 837 1404 874 de

256 896 398 933 virtute
416 897 547 934 militis
566 897 737 935 veterani
759 908 786 933 v
804 896 978 947 legionis.
1021 896 1133 942 Nam,
1160 909 1275 947 quum
1296 897 1334 934 in
1353 897 1403 935 si-

258 956 377 993 nistro
398 970 518 995 cornu
537 958 777 1008 elephantus,
805 958 962 995 vulnere
981 957 1079 995 ictus
1098 964 1138 994 et
1156 957 1289 995 dolore
1307 969 1401 996 con-

257 1017 411 1064 citatus,
431 1018 468 1054 in
489 1017 605 1055 lixam
625 1019 806 1056 inermem
826 1018 1009 1068 impetum
1037 1017 1204 1063 fecisset,
1237 1029 1403 1069 eumque

256 1077 326 1114 sub
342 1078 439 1127 pede
457 1079 667 1124 subditum,
686 1078 825 1116 deinde
843 1089 946 1127 genu
960 1079 1114 1115 innixus
1133 1079 1302 1129 pondere
1318 1091 1403 1125 sue,

256 1138 487 1187 proboscide
507 1145 637 1176 erecta
656 1138 908 1189 vibrantique,
939 1139 1101 1176 stridore
1119 1140 1287 1177 maximo
1314 1151 1402 1190 pre-

255 1205 377 1235 meret
396 1206 510 1249 atque
530 1206 727 1242 enecaret3
747 1199 854 1235 miles
874 1198 937 1236 hic
953 1210 1030 1235 non
1050 1198 1176 1248 potuit
1195 1198 1289 1248 pati,
1308 1198 1402 1249 quin

255 1269 296 1294 se
325 1266 513 1296 armatum
546 1259 691 1297 bestiae
722 1258 886 1296 offerret.
939 1259 1064 1300 Quem
1092 1266 1293 1309 postquam
1323 1259 1402 1296 ele-

255 1318 422 1367 phantus
441 1319 489 1355 ad
514 1332 554 1356 se
573 1319 652 1356 telo
674 1319 810 1356 infesto
829 1319 960 1356 venire
979 1318 1259 1364 animadvertit,
1288 1319 1401 1357 relic-

251 1386 296 1415 to
316 1379 516 1426 cadavere,
547 1380 707 1417 militem
726 1380 954 1430 proboscide
975 1379 1201 1425 circumdat,
1229 1385 1344 1430 atque
1362 1380 1403 1418 in

252 1439 414 1477 sublime
433 1441 584 1478 extollit
602 1448 801 1478 armatum.
855 1440 931 1482 Qui
960 1441 996 1476 in
1017 1439 1203 1490 ejusmodi
1229 1440 1403 1490 periculo

253 1512 370 1548 quum
392 1509 614 1538 constanter
633 1501 823 1551 agendum
843 1501 914 1538 sibi
934 1501 1094 1546 videret,
1115 1500 1242 1551 gladio
1261 1501 1401 1551 probo-

253 1560 413 1606 scidem,
435 1574 511 1611 quo
530 1568 611 1598 erat
632 1561 906 1606 circumdatus,
933 1561 1109 1605 caedere,
1143 1568 1327 1611 quantum
1346 1561 1401 1597 vi-

253 1620 356 1657 ribus
376 1628 542 1671 poterat,
565 1634 640 1658 non
661 1621 830 1658 destitit:
860 1634 936 1671 quo
955 1622 1086 1658 dolore
1101 1621 1305 1666 adductus,
1324 1621 1401 1659 ele-

254 1680 433 1730 phantus,
453 1682 573 1719 milite
592 1683 758 1731 abjecto,
787 1682 954 1719 maximo
975 1694 1061 1719 cum
1081 1681 1245 1718 stridore
1264 1693 1399 1719 cursu-

250 1751 328 1790 que
357 1753 563 1779 conversus
582 1743 631 1779 ad
658 1743 821 1793 reliquas
839 1742 979 1780 bestias
997 1753 1037 1779 se
1061 1742 1221 1792 recepit.

305 1802 504 1840 LXXXV.
545 1804 719 1848 interim,
740 1803 895 1853 Thapso
913 1802 977 1852 qui
997 1810 1105 1840 erant
1124 1802 1329 1852 praesidio,
1350 1814 1400 1840 ex

252 1862 397 1913 oppido
417 1864 655 1914 eruptionem
676 1871 787 1914 porta
801 1863 988 1901 maritima
1002 1863 1163 1908 faciunt,
1183 1871 1236 1908 et,
1256 1863 1334 1900 sive
1357 1872 1400 1900 ut

251 1923 330 1960 suis
346 1923 514 1961 subsidio
534 1931 795 1970 occurrerent,
815 1925 893 1961 sive
914 1931 968 1969 ut,
988 1923 1131 1974 oppido
1151 1923 1320 1969 deserto,
1339 1923 1400 1961 su-

252 1996 303 2034 ga
321 1985 482 2021 salutem
503 1984 571 2021 sibi
592 1992 784 2035 pararent,
815 1985 1084 2035 egrediuntur,
1111 1991 1227 2034 atque
1246 1983 1312 2030 ita,
1331 1997 1400 2034 per

252 2057 357 2081 mare
378 2044 547 2082 umbilici
575 2045 649 2082 fine
678 2045 852 2094 ingressi,
884 2052 1025 2082 terram
1045 2045 1257 2095 petebant:
1295 2045 1358 2095 qui
1377 2058 1401 2083 a

252 2105 413 2142 servitiis
429 2105 648 2156 puerisque,
668 2106 731 2156 qui
748 2106 784 2142 in
802 2106 934 2144 castris
949 2115 1071 2151 erant,
1092 2106 1280 2156 lapidibus
1295 2106 1398 2157 pilis-

251 2178 328 2216 que
347 2166 527 2216 prohibiti
549 2173 688 2203 terrani
709 2167 912 2217 attingere,
945 2179 1074 2204 rursus
1094 2179 1134 2204 se
1154 2167 1191 2203 in
1213 2168 1396 2217 oppidum

252 2233 493 2276 receperunt.
539 2226 711 2272 Interim,
735 2227 923 2277 Scipionis
944 2227 1064 2278 copiis
1082 2227 1293 2277 prostratis,
1312 2239 1398 2278 pas-

252 2285 399 2335 simque
433 2293 515 2323 toto
547 2298 683 2337 campo
711 2286 960 2337 fugientibus,
991 2286 1193 2325 confestim
1220 2286 1396 2325 Caesaris

1456 2199 1472 2213 ἱ
