1472 2664
308 287 382 324 DE
410 286 588 325 BELLO
619 287 779 325 ALEX.
807 286 984 324 LIBER.
1142 292 1218 328 149

81 405 164 435 rex,
197 404 312 442 quum
333 391 404 429 sibi
432 391 622 428 fortunam
654 398 852 441 paternam
880 390 1050 428 feliciore
1082 398 1224 428 eventu

83 452 303 496 destinaret,
317 452 437 489 multa
449 451 588 502 oppida
603 451 855 501 expugnavit3
872 452 974 488 bona
988 450 1128 488 civium
1145 451 1223 488 Ro-

81 526 279 549 manorum
301 512 627 562 Ponticorumque
654 512 830 562 diripuit;
866 511 1053 561 supplicia
1082 511 1223 548 consti-

82 573 154 610 tuit
173 572 210 609 in
231 585 310 617 eos,
331 572 395 622 qui
410 572 575 622 aliquam
589 572 733 609 formae
747 579 861 622 atque
877 571 1013 608 aetatis
1027 585 1224 609 commen-

80 632 271 670 dationem
293 633 498 676 habebant,
517 644 576 676 ea,
596 644 693 682 quae
712 640 835 669 morte
851 638 979 668 essent
1005 631 1199 669 miseriora
1216 647 1226 674 ;

78 693 334 743 Pontumque,
368 692 472 728 nullo
492 691 739 738 defendente,
767 699 970 743 paternum
989 704 1150 742 regnum
1182 705 1223 729 se

77 753 266 803 recepisse
286 753 465 803 glorians,
499 753 708 790 obtinebat.

131 814 256 851 XLII.
305 814 382 850 Sub
402 813 502 850 idem
530 820 680 864 tempus
701 814 739 850 in
765 814 920 865 Illyrico
940 822 998 851 est
1017 814 1226 852 incommo-

81 876 169 912 dum
190 881 391 924 acceptum
407 888 416 910 ε
438 886 535 924 quae
549 874 743 924 provincia
757 875 1014 925 superioribus
1030 876 1222 913 mensibus

80 944 229 973 retenta
246 948 319 972 non
334 942 483 971 tautum
496 935 578 972 sine
591 935 812 985 ignominia,
827 936 895 973 sed
910 936 1024 973 etiam
1041 949 1127 973 cum
1143 936 1222 973 lau-

79 996 141 1041 de,
155 1003 248 1033 erat.
304 995 496 1044 Namque,
516 1007 562 1032 eo
582 995 716 1032 missus
735 1004 880 1033 aestate
901 1009 988 1033 cum
1009 1008 1041 1032 11
1062 996 1222 1046 legioni-

76 1057 160 1102 bus,
190 1057 238 1098 Q.
269 1056 514 1100 Cornificius,
545 1056 719 1093 Caesaris
739 1064 918 1107 quaestor
937 1069 1006 1107 pro
1033 1065 1223 1106 praetore,

78 1131 292 1168 quanquam
312 1125 394 1154 erat
411 1116 608 1167 provincia
627 1117 782 1154 minime
796 1117 952 1167 copiosa
965 1116 1011 1154 ad
1027 1117 1222 1155 exercitus

79 1179 248 1223 alendos,
282 1185 320 1215 et
338 1177 500 1214 finitimo
519 1177 620 1214 bello
640 1190 686 1215 ac
718 1178 1017 1214 dissensionibus
1045 1177 1225 1215 confecta

80 1248 119 1276 et
138 1246 298 1283 vastata,
326 1246 456 1275 tamen
488 1238 693 1288 prudentia
711 1251 756 1275 ac
778 1238 979 1288 diligentia
1009 1251 1090 1283 sua,
1123 1239 1227 1288 quod

77 1312 251 1350 magnam
269 1312 398 1336 curam
419 1299 665 1349 suscipiebat,
685 1313 734 1337 ne
753 1312 828 1350 quo
849 1308 994 1336 temere
1013 1299 1224 1349 progrede-

75 1369 195 1405 retur,
224 1369 263 1397 et
282 1360 428 1410 recepit
460 1368 500 1397 et
531 1359 718 1397 defendit.
788 1360 963 1410 Namque
996 1368 1035 1396 et
1067 1360 1224 1397 castella

76 1421 285 1471 complura,
321 1421 414 1457 locis
443 1420 555 1457 editis
586 1421 724 1470 posita,
758 1433 919 1470 quorum
953 1420 1220 1470 opportunitas

76 1481 301 1520 castellanos
329 1481 550 1532 impellebat
578 1481 627 1518 ad
667 1481 913 1518 decursiones
944 1480 1154 1526 faciendas,
1184 1489 1224 1518 et

76 1542 218 1580 bellum
240 1541 494 1586 inferendum,
514 1541 766 1592 expugnavit,
785 1554 906 1592 eaque
921 1541 1063 1592 praeda
1080 1541 1220 1578 milites

80 1602 257 1639 donavit:
295 1615 392 1652 quae
413 1603 485 1639 etsi
503 1609 586 1639 erat
611 1602 750 1647 tenuis,
781 1610 923 1648 tamen,
953 1602 991 1638 in
1012 1609 1119 1638 tanta
1137 1615 1224 1652 pro-

75 1663 223 1701 vinciae
252 1663 532 1713 desperatione,
566 1670 647 1700 erat
679 1670 801 1713 grata,
831 1662 1053 1714 praesertim
1083 1662 1225 1700 virtute

79 1732 213 1775 parta:
242 1731 294 1769 et,
323 1736 439 1774 quum
471 1722 655 1760 Octavius
681 1736 730 1760 ex
749 1723 841 1774 fuga
860 1723 1069 1760 Pharsalici
1088 1723 1224 1773 proelii

78 1799 217 1835 magna
235 1785 355 1822 classe
375 1785 414 1821 in
430 1784 534 1820 illum
548 1797 588 1822 se
603 1784 726 1821 sinum
748 1784 987 1829 contulisset,
1006 1784 1139 1834 paucis
1158 1797 1224 1822 na-

77 1847 186 1884 vibus
214 1846 516 1890 Jadertinorum,
537 1857 699 1894 quorum
721 1858 871 1895 semper
891 1846 927 1881 in
949 1844 1224 1895 rempublicam

78 1907 270 1958 singulare
286 1905 511 1944 constiterat
527 1904 706 1950 officium,
723 1905 902 1955 dispersis
915 1904 1138 1942 Octavianis
1157 1918 1224 1942 na-

79 1969 186 2006 vibus
206 1976 287 2005 erat
306 1967 463 2018 potitus,
483 1974 526 2003 ut
543 1966 603 2003 vel
625 1967 745 2004 classe
777 1967 958 2004 dimicare
984 1973 1128 2016 posset,
1157 1966 1223 2003 ad-

76 2029 220 2077 junctis
236 2027 394 2077 captivis
410 2023 568 2064 navibus
580 2026 782 2064 sociorum.
830 2026 894 2071 Et,
914 2039 1030 2076 quum
1046 2026 1222 2064 diversis-

80 2089 173 2125 sima
192 2096 298 2138 parte
318 2088 419 2124 orbis
437 2094 624 2125 terrarum
645 2088 716 2125 Cn.
737 2087 960 2137 Pompeium
989 2087 1130 2124 Caesar
1149 2087 1225 2124 vic·

80 2157 140 2186 tor
159 2157 399 2199 sequeretur;
419 2148 712 2198 compluresque
731 2147 1013 2185 adversariosin
1030 2147 1224 2198 Illyricum

82 2216 240 2260 propter
266 2208 523 2246 Macedoniae
550 2209 874 2260 propinquitatem
904 2221 958 2255 se,
990 2208 1158 2258 reliquiis
1176 2220 1225 2245 ex
1258 2210 1260 2212 ’

82 2270 175 2319 fuga
194 2269 379 2314 collectis,
399 2269 605 2306 contulisse
625 2270 788 2315 audiret,
807 2269 936 2307 literas
951 2269 1000 2306 ad
1015 2268 1223 2306 Gabinium

85 2330 214 2376 mittit,
235 2329 287 2367 uti
308 2343 394 2368 cum
413 2329 626 2380 legionibus
646 2330 828 2375 tironum,
857 2342 955 2380 quae
974 2342 1097 2380 nuper
1115 2336 1225 2367 erant
