1472 2664
236 253 285 290 74<
536 250 609 287 DE
658 250 835 288 BELLO
882 251 1049 289 CIVILI

289 353 451 390 XXXV.
522 353 580 391 Ex
600 354 658 391 his
678 354 877 401 Calvisius,
897 355 1018 406 primo
1039 356 1207 394 adventu
1234 369 1381 395 summa

239 414 405 452 omnium
446 415 674 452 Aetolorum
712 422 891 467 receptus
927 416 1140 464 voluntate,
1182 419 1382 468 praesidiis

236 475 537 514 adversariorum
559 476 756 527 Calydone
785 484 824 513 et
853 477 1056 527 Naupacto
1075 480 1245 528 rejectis,
1277 481 1382 518 omni

236 537 392 574 Aetolia
412 537 556 588 potitus
575 544 655 575 est:
684 537 836 575 Cassius
864 537 902 574 in
923 538 1157 577 Thessaliam
1178 554 1265 578 cum
1285 541 1381 591 legi-

235 611 308 635 one
328 599 516 648 pervenit.
558 599 637 635 Hic
657 612 773 649 quum
793 607 920 636 essent
938 599 1126 638 factiones
1145 600 1258 647 duae,
1277 602 1383 640 varia

236 659 432 696 voluntate
453 659 651 697 civitatum
684 661 876 697 utebatur.
931 660 1208 711 Hegesaretos,
1237 663 1382 701 veteris

235 719 350 758 homo
370 721 581 770 potentiae,
620 721 862 771 Pompeianis
894 722 1008 759 rebus
1026 722 1229 760 studebat:
1284 723 1379 761 Pre-

234 788 333 826 teus,
364 793 534 819 summae
554 781 765 819 nobilitatis
793 782 1033 829 adolescens,
1061 782 1138 821 suis
1157 796 1203 821 ac
1222 796 1379 822 suorum

232 841 368 892 opibus
390 844 593 880 Caesarem
615 842 731 880 enixe
745 843 916 892 juvabat.

282 902 467 940 XXXVI.
522 903 748 954 Eodemque
769 910 942 954 tempore
963 904 1157 943 Domitius
1176 906 1215 942 in
1237 905 1372 944 Mace-

232 962 385 1000 doniam
411 964 539 1001 venit:
570 972 622 1009 et,
655 977 771 1015 quum
805 964 855 1001 ad
883 977 971 1001 eum
994 964 1216 1016 frequentes
1244 966 1378 1004 civita-

229 1030 311 1060 tum
331 1024 545 1074 legationes
574 1023 778 1062 convenire
799 1024 1032 1075 coepissent,
1059 1025 1283 1063 nunciatum
1302 1033 1376 1072 est,

228 1085 363 1122 adesse
383 1084 603 1135 Scipionem
624 1098 711 1123 cum
730 1085 958 1136 legionibus,
977 1097 1118 1136 magna
1135 1092 1176 1122 et
1194 1085 1376 1136 opinione

229 1154 268 1183 et
295 1145 393 1183 fama
414 1147 608 1183 omnium:
647 1160 733 1183 nam
763 1147 988 1197 plerumque
1018 1146 1055 1183 in
1075 1147 1244 1185 novitate
1270 1147 1376 1186 fama

229 1207 437 1244 antecedit.
494 1207 586 1253 Hic,
616 1207 721 1245 nullo
741 1207 779 1244 in
798 1207 884 1245 loco
915 1207 1171 1246 Macedoniae
1190 1215 1375 1254 moratus,

228 1281 368 1319 magno
397 1269 543 1320 inipetu
563 1269 727 1307 tetendit
745 1269 794 1306 ad
825 1268 1061 1313 Domitium;
1101 1276 1153 1315 et,
1186 1283 1303 1320 quum
1329 1269 1378 1307 ab

227 1342 274 1368 eo
293 1330 410 1368 millia
429 1343 607 1381 passuum
629 1342 682 1367 xx
700 1330 897 1376 abfuisset,
923 1329 1052 1367 subito
1072 1343 1113 1367 se
1132 1330 1181 1368 ad
1201 1330 1377 1369 Cassium

227 1390 446 1442 Longinum
468 1391 506 1428 in
527 1391 764 1428 Thessaliam
784 1390 987 1429 convertit.
1042 1391 1132 1428 Hoc
1151 1391 1249 1429 adeo
1270 1391 1372 1430 cele·

230 1452 323 1490 riter
342 1453 449 1498 fecit,
473 1460 514 1490 ut
533 1452 644 1489 simul
664 1452 797 1489 adesse
817 1459 856 1489 et
874 1451 1011 1496 venire>
1021 1452 1291 1490 nunciaretur:
1321 1460 1375 1498 et,

232 1526 307 1563 quo
328 1514 401 1550 iter
420 1514 637 1564 expeditius
656 1513 814 1559 faceret,
847 1512 906 1549 M.
927 1512 1136 1550 Favonium
1156 1514 1205 1551 ad
1230 1514 1376 1552 flumen

228 1574 535 1619 Haliacmonem,
556 1575 660 1625 quod
673 1573 945 1611 Macedoniam
964 1587 987 1611 a
1007 1574 1204 1612 Thessalia
1223 1574 1374 1621 dividit,

225 1648 314 1672 cum
335 1635 558 1672 cohortibus
579 1647 641 1672 lix
659 1635 850 1686 praesidio
870 1634 1151 1685 impedimentiS
1176 1635 1374 1686 legionum

225 1696 393 1747 reliquit,
414 1697 690 1747 castellumque
711 1695 760 1733 ibi
780 1696 918 1733 muniri
934 1696 1060 1746 jussit.
1107 1695 1256 1733 Eodem
1274 1704 1371 1734 tem-

226 1771 320 1808 pore
340 1758 531 1808 equitatus
551 1758 652 1807 regis
673 1757 794 1808 Cotys
815 1757 864 1794 ad
884 1764 1009 1794 castra
1029 1756 1147 1794 Cassii
1168 1757 1374 1804 advolavit,

226 1818 290 1869 qui
311 1819 455 1856 circum
477 1818 712 1856 Thessaliam
732 1831 814 1856 esse
835 1825 1096 1855 consueverat.
1146 1817 1245 1855 Tum
1264 1817 1376 1856 timo-

225 1893 266 1916 re
286 1880 525 1929 perterritus,
546 1880 713 1925 Cassius,
734 1879 891 1929 cognito
913 1878 1102 1930 Scipionis
1118 1878 1300 1925 adventu,
1320 1879 1376 1915 vi-

226 1941 354 1990 sisque
374 1940 580 1990 equitibus‚
609 1953 705 1990 quos
727 1939 916 1990 Scipionis
937 1952 1019 1977 esse
1037 1939 1306 1986 arbitrabatur,
1325 1940 1376 1978 ad

227 2009 378 2040 montes
397 2015 437 2039 se
458 2002 662 2047 convertit,
694 2001 756 2052 qui
779 2000 1012 2038 Thessaliam
1045 2000 1232 2051 cingunt;
1258 2008 1375 2051 atque

225 2076 276 2100 ex
295 2063 354 2100 his
374 2063 469 2100 locis
490 2063 736 2101 Ambraciam
756 2074 888 2099 versus
907 2062 980 2100 iter
999 2061 1127 2100 facere
1146 2062 1288 2112 coepit.
1317 2063 1375 2100 At

227 2123 463 2174 Scipionem,
482 2131 752 2174 properantem
774 2122 896 2174 sequi,
925 2123 1059 2160 literae
1077 2129 1166 2160 sunt
1185 2135 1372 2161 consecu-

225 2191 289 2222 tae
309 2197 330 2221 a
352 2184 408 2220 M.
428 2183 612 2229 Favonio,
640 2183 853 2220 Domitium
875 2196 963 2221 curn
991 2183 1205 2233 legionibus
1223 2183 1373 2229 adesse,

226 2257 352 2295 neque
371 2257 411 2281 se
431 2243 676 2294 praesidium,
696 2243 759 2280 ubi
781 2243 1011 2280 constitutus
1031 2249 1145 2288 esset,
1165 2242 1247 2280 sine
1261 2242 1372 2280 auxi-

224 2305 276 2343 lio
297 2303 487 2356 Scipionis
518 2312 651 2344 tenere
680 2316 806 2357 posse.
859 2303 1009 2347 Quibus
1034 2302 1155 2343 literis
1186 2304 1377 2356 acceptis,
