1472 2664
261 259 338 297 206
696 257 746 294 A.
786 254 966 296 HIRTII

259 358 401 397 nuncio
419 358 656 409 perterritus,
675 358 862 404 discessit,
881 365 921 396 et
936 358 1044 395 dicto
1061 356 1219 396 audiens
1237 356 1309 396 fuit
1335 368 1394 394 re-

259 420 311 470 gi.
360 420 441 457 Usu
460 419 607 457 venisse
626 419 700 457 hoc
721 419 793 458 civi
814 419 988 457 Romano
1007 426 1046 456 et
1065 418 1115 465 ei,
1135 419 1199 470 qui
1217 431 1240 456 a
1257 417 1399 468 populo

261 480 437 518 Romano
468 480 632 518 honores
661 481 890 531 accepisset,
919 479 1100 518 incolumi
1132 479 1255 530 patria
1280 478 1401 516 fortu-

258 541 393 591 nisque
422 541 612 586 omnibus,
656 541 782 578 Jubae
812 541 974 579 barbaro
1002 540 1128 591 potius
1158 540 1400 578 obedientem

258 601 387 646 fuisse,
409 614 522 651 quam
542 610 608 638 aut
629 601 818 652 Scipionis
838 601 1123 652 obtemperasse
1142 600 1298 646 nuncio,
1317 606 1397 645 aut,

257 663 380 699 caesis
394 662 564 712 ejusdem
584 663 702 712 partis
722 662 886 708 civibus,-
902 662 1130 700 incolumem
1149 660 1288 700 reverti
1308 660 1402 697 mal·

259 723 315 759 le!
360 723 492 772 Atque
512 723 624 761 etiam
644 723 842 773 superbius
860 723 986 761 Jubae
1005 723 1163 768 factum,
1189 735 1265 760 non
1285 721 1323 758 in
1343 720 1401 757 M.

259 781 487 832 Aquinium,
515 783 707 820 hominem
736 796 891 828 novum,
918 795 1151 834 parvumque
1169 787 1403 825 senatorem,

258 844 326 881 sed
346 843 383 879 in
401 842 635 893 Scipionem,
655 844 847 882 hominem
864 844 928 881 illa
945 844 1100 888 familia,
1115 842 1314 893 dignitate,
1334 841 1403 878 ho-

260 904 428 950 noribus,
448 912 717 954 praestantem.
757 904 872 950 Nam,
888 917 1005 955 quum
1023 903 1152 954 Scipio
1168 903 1300 953 sagulo
1315 914 1404 952 pur·

263 958 382 1015 pureo
420 972 508 1003 ante
533 965 633 1016 regis
660 965 866 1003 adventum
885 965 941 1002 uti
968 965 1101 1003 solitus
1120 972 1234 1010 esset,
1264 963 1405 1002 dicitur

259 1025 362 1063 Juba
389 1039 477 1063 cum
503 1038 549 1063 eo
583 1026 720 1076 egisse,
747 1039 825 1063 non
845 1033 1024 1077 oportere
1050 1026 1155 1063 illum
1183 1025 1318 1062 eodem
1347 1023 1403 1061 uti

260 1087 415 1132 vestitu,
443 1094 557 1137 atque
584 1087 665 1138 ipse
691 1095 876 1125 uteretur.
928 1087 1066 1139 Itaque
1089 1087 1233 1124 factum
1252 1092 1324 1131 est,
1355 1091 1399 1122 ut

263 1147 392 1198 Scipio
421 1147 470 1184 ad
488 1147 615 1184 album
636 1160 720 1185 sese
741 1148 919 1185 vestitum
940 1148 1177 1193 transferret,
1205 1153 1244 1184 et
1263 1146 1287 1184 J
1293 1146 1403 1190 ubae,

259 1208 404 1245 homini
422 1208 696 1259 superbissimo
716 1208 1036 1259 inertissimoque‚
1070 1208 1365 1258 obtemperaret.

313 1268 460 1305 LVIII.
514 1268 674 1306 Postero
694 1269 756 1306 die
786 1269 978 1307 universas
1008 1269 1176 1307 omnium
1205 1269 1334 1319 copias
1354 1268 1403 1306 de

261 1329 394 1367 castris
421 1329 598 1366 omnibus
627 1330 820 1373 educunt;
846 1336 899 1375 et,
932 1329 1178 1380 supercilium
1207 1328 1400 1379 quoddam

260 1389 458 1427 excelsum
483 1390 601 1436 nacti,
630 1403 707 1429 non
732 1390 847 1440 longe
866 1403 888 1427 a
919 1389 1093 1428 Caesaris
1124 1389 1257 1427 castris
1284 1389 1407 1427 aciem

261 1451 513 1496 constituunt,
545 1458 660 1501 atque
681 1451 732 1488 ibi
758 1451 984 1488 consistunt.
1039 1451 1181 1488 Caesar
1201 1451 1290 1488 item
1319 1464 1408 1502 pro-

263 1512 371 1550 ducit
389 1511 531 1562 copias,
552 1512 803 1562 celeriterque
823 1512 867 1549 iis
883 1511 1090 1558 instructis,
1110 1519 1199 1550 ante
1218 1524 1305 1549 suas
1323 1525 1408 1549 mu-

262 1572 441 1617 nitiones,
470 1586 568 1623 quae
588 1580 695 1611 erant
714 1573 752 1609 in
773 1585 922 1623 campO,
951 1573 1146 1610 constitit:
1175 1573 1257 1610 sine
1286 1572 1404 1610 dubio

261 1633 497 1679 existimans,
518 1634 618 1671 ultro
633 1633 881 1679 adversarios,
901 1647 1018 1684 quum
1033 1641 1111 1671 tam
1126 1633 1273 1684 magnis
1289 1633 1410 1685 copiis

262 1694 490 1744 auxiliisque
511 1694 612 1745 regis
631 1702 758 1736 essent
776 1694 953 1745 praediti,
972 1695 1262 1746 promptiusque
1282 1694 1405 1745 prosi-

261 1755 436 1801 luissent,
464 1762 553 1793 ante
582 1768 623 1792 se
656 1768 923 1802 concursuros,
948 1756 1180 1806 propiusque
1209 1768 1251 1793 se
1277 1768 1410 1794 acces-

262 1832 383 1857 suros.
438 1819 551 1870 Equo
579 1819 872 1865 circumvectus,
899 1820 1147 1870 legionesque
1167 1819 1406 1867 cohortatus,

263 1880 373 1930 signo
393 1880 497 1926 dato,
524 1893 721 1918 accessum
752 1880 918 1917 hostium
947 1881 1232 1930 aucupabatur:
1265 1880 1346 1931 ipse
1367 1894 1408 1919 e-

263 1941 342 1978 nim
373 1953 396 1977 a
423 1941 500 1978 suis
532 1941 806 1979 munitionibus
838 1941 1001 1991 longius,
1030 1954 1107 1978 non
1136 1941 1218 1978 sine
1246 1941 1409 1988 ratione,

263 2015 340 2040 non
359 2003 608 2052 procedebat,
628 2003 730 2054 quod
750 2002 787 2038 in
808 2002 949 2052 oppido
972 2002 1124 2047 Uzitae,
1144 2002 1248 2053 quod
1279 2002 1408 2053 Scipio

264 2063 435 2108 tenebat,
467 2063 635 2101 hostium
655 2070 763 2100 erant
783 2063 963 2100 cohortes
982 2070 1172 2107 armatae;
1200 2063 1324 2101 eidem
1344 2076 1413 2101 au-

263 2133 343 2162 tem
364 2124 504 2174 oppido
523 2124 571 2161 ad
590 2124 769 2162 dextrum
797 2123 896 2161 latus
914 2126 997 2173 ejus
1017 2136 1137 2161 cornu
1155 2132 1238 2162 erat
1257 2125 1411 2175 opposi-

266 2192 373 2227 tum3
405 2184 700 2234 verebaturque,
730 2196 791 2229 ne,
819 2183 851 2219 si
881 2192 1184 2234 praetergressus
1212 2192 1327 2230 esset,
1360 2197 1410 2222 ex

264 2242 407 2294 oppido
433 2243 634 2293 eruptione
652 2241 767 2288 faeta,
800 2243 847 2280 ab
867 2243 987 2281 latere
1007 2257 1092 2281 eum
1113 2244 1250 2294 adorti,
1279 2243 1410 2282 conci-

267 2304 415 2342 derent.
461 2303 666 2342 Praeterea
684 2303 780 2342 haec
801 2316 954 2355 quoque
973 2317 1060 2343 eum
1080 2317 1213 2344 caussa
1233 2304 1412 2352 tardavit,
