<?xml version="1.0" encoding="UTF-8"?>
<!DOCTYPE html PUBLIC "-//W3C//DTD XHTML 1.0 Transitional//EN"
    "http://www.w3.org/TR/xhtml1/DTD/xhtml1-transitional.dtd">
<html xmlns="http://www.w3.org/1999/xhtml" xml:lang="en" lang="en">
 <head>
  <title>
</title>
<meta http-equiv="Content-Type" content="text/html;charset=utf-8" />
  <meta name='ocr-system' content='tesseract 3.04.00' />
  <meta name='ocr-capabilities' content='ocr_page ocr_carea ocr_par ocr_line ocrx_word'/>
</head>
<body>
  <div class='ocr_page' id='page_1' title='image "./debellogallicoet02caesuoft_0044.png"; bbox 0 0 1472 2664; ppageno 0'>
   <div class='ocr_carea' id='block_1_1' title="bbox 244 255 1043 294">
    <p class='ocr_par' dir='ltr' id='par_1_1' title="bbox 244 255 1043 294">
     <span class='ocr_line' id='line_1_1' title="bbox 244 255 1043 294; baseline 0.001 -3"><span class='ocrx_word' id='word_1_1' title='bbox 244 257 294 292; x_wconf 78' lang='lat'>‘26</span> <span class='ocrx_word' id='word_1_2' title='bbox 550 255 623 292; x_wconf 90' lang='lat' dir='ltr'>DE</span> <span class='ocrx_word' id='word_1_3' title='bbox 662 255 838 292; x_wconf 88' lang='lat' dir='ltr'>BELLO</span> <span class='ocrx_word' id='word_1_4' title='bbox 879 256 1043 294; x_wconf 89' lang='lat' dir='ltr'>ClVlLI</span> 
     </span>
    </p>
   </div>
   <div class='ocr_carea' id='block_1_2' title="bbox 229 356 1382 2336">
    <p class='ocr_par' dir='ltr' id='par_1_2' title="bbox 240 356 1375 694">
     <span class='ocr_line' id='line_1_2' title="bbox 243 356 1371 408; baseline 0.004 -17"><span class='ocrx_word' id='word_1_5' title='bbox 243 356 421 392; x_wconf 87' lang='lat' dir='ltr'>idoneum</span> <span class='ocrx_word' id='word_1_6' title='bbox 453 363 622 401; x_wconf 86' lang='lat' dir='ltr'>ventum,</span> <span class='ocrx_word' id='word_1_7' title='bbox 655 371 702 395; x_wconf 78' lang='lat' dir='ltr'>ex</span> <span class='ocrx_word' id='word_1_8' title='bbox 734 366 847 408; x_wconf 87' lang='lat' dir='ltr'>portu</span> <span class='ocrx_word' id='word_1_9' title='bbox 879 367 1036 404; x_wconf 86' lang='lat' dir='ltr'>exeunt,</span> <span class='ocrx_word' id='word_1_10' title='bbox 1072 366 1110 396; x_wconf 88' lang='lat' dir='ltr'>et</span> <span class='ocrx_word' id='word_1_11' title='bbox 1141 358 1371 403; x_wconf 69' lang='lat' dir='ltr'>Tauroenta‚</span> 
     </span>
     <span class='ocr_line' id='line_1_3' title="bbox 243 417 1371 469; baseline 0.001 -16"><span class='ocrx_word' id='word_1_12' title='bbox 243 417 346 466; x_wconf 87' lang='lat' dir='ltr'>quod</span> <span class='ocrx_word' id='word_1_13' title='bbox 365 425 423 454; x_wconf 90' lang='lat' dir='ltr'>est</span> <span class='ocrx_word' id='word_1_14' title='bbox 441 418 636 454; x_wconf 87' lang='lat' dir='ltr'>castellum</span> <span class='ocrx_word' id='word_1_15' title='bbox 666 418 973 464; x_wconf 82' lang='lat' dir='ltr'>Massiliensium,</span> <span class='ocrx_word' id='word_1_16' title='bbox 1001 420 1049 456; x_wconf 88' lang='lat' dir='ltr'>ad</span> <span class='ocrx_word' id='word_1_17' title='bbox 1070 418 1265 456; x_wconf 76' lang='lat' dir='ltr'>Nasidium</span> <span class='ocrx_word' id='word_1_18' title='bbox 1284 431 1371 469; x_wconf 86' lang='lat' dir='ltr'>per-</span> 
     </span>
     <span class='ocr_line' id='line_1_4' title="bbox 240 477 1374 529; baseline 0.003 -16"><span class='ocrx_word' id='word_1_19' title='bbox 240 478 412 521; x_wconf 80' lang='lat' dir='ltr'>veniunt,</span> <span class='ocrx_word' id='word_1_20' title='bbox 449 477 576 527; x_wconf 87' lang='lat' dir='ltr'>ibique</span> <span class='ocrx_word' id='word_1_21' title='bbox 608 491 722 515; x_wconf 90' lang='lat' dir='ltr'>naves</span> <span class='ocrx_word' id='word_1_22' title='bbox 753 480 986 529; x_wconf 87' lang='lat' dir='ltr'>expediunt:</span> <span class='ocrx_word' id='word_1_23' title='bbox 1023 492 1226 529; x_wconf 85' lang='lat' dir='ltr'>rursusque</span> <span class='ocrx_word' id='word_1_24' title='bbox 1256 492 1296 516; x_wconf 91' lang='lat' dir='ltr'>se</span> <span class='ocrx_word' id='word_1_25' title='bbox 1325 479 1374 516; x_wconf 87' lang='lat' dir='ltr'>ad</span> 
     </span>
     <span class='ocr_line' id='line_1_5' title="bbox 243 537 1375 587; baseline 0.002 -14"><span class='ocrx_word' id='word_1_26' title='bbox 243 537 527 587; x_wconf 86' lang='lat' dir='ltr'>confligendum</span> <span class='ocrx_word' id='word_1_27' title='bbox 558 539 683 575; x_wconf 89' lang='lat' dir='ltr'>animo</span> <span class='ocrx_word' id='word_1_28' title='bbox 708 539 945 585; x_wconf 84' lang='lat' dir='ltr'>confirmant,</span> <span class='ocrx_word' id='word_1_29' title='bbox 974 547 1011 576; x_wconf 93' lang='lat' dir='ltr'>et</span> <span class='ocrx_word' id='word_1_30' title='bbox 1032 539 1188 576; x_wconf 87' lang='lat' dir='ltr'>consilia</span> <span class='ocrx_word' id='word_1_31' title='bbox 1207 552 1375 576; x_wconf 89' lang='lat' dir='ltr'>commu-</span> 
     </span>
     <span class='ocr_line' id='line_1_6' title="bbox 240 597 1374 648; baseline 0.002 -15"><span class='ocrx_word' id='word_1_32' title='bbox 240 597 383 634; x_wconf 82' lang='lat' dir='ltr'>nicant.</span> <span class='ocrx_word' id='word_1_33' title='bbox 437 598 587 634; x_wconf 86' lang='lat' dir='ltr'>Dextra</span> <span class='ocrx_word' id='word_1_34' title='bbox 614 611 700 648; x_wconf 86' lang='lat' dir='ltr'>pars</span> <span class='ocrx_word' id='word_1_35' title='bbox 731 598 1032 636; x_wconf 83' lang='lat' dir='ltr'>Massiliensibus</span> <span class='ocrx_word' id='word_1_36' title='bbox 1059 598 1290 644; x_wconf 87' lang='lat' dir='ltr'>attribuitur,</span> <span class='ocrx_word' id='word_1_37' title='bbox 1327 598 1374 635; x_wconf 90' lang='lat' dir='ltr'>si-</span> 
     </span>
     <span class='ocr_line' id='line_1_7' title="bbox 240 657 547 694; baseline 0.003 -2"><span class='ocrx_word' id='word_1_38' title='bbox 240 657 359 694; x_wconf 84' lang='lat' dir='ltr'>nistra</span> <span class='ocrx_word' id='word_1_39' title='bbox 380 657 547 694; x_wconf 82' lang='lat' dir='ltr'>Nasidio.</span> 
     </span>
    </p>

    <p class='ocr_par' dir='ltr' id='par_1_3' title="bbox 233 717 1382 2021">
     <span class='ocr_line' id='line_1_8' title="bbox 294 717 1376 763; baseline 0.001 -10"><span class='ocrx_word' id='word_1_40' title='bbox 294 717 339 753; x_wconf 92' lang='lat' dir='ltr'>V.</span> <span class='ocrx_word' id='word_1_41' title='bbox 382 717 528 754; x_wconf 86' lang='lat' dir='ltr'>Eodem</span> <span class='ocrx_word' id='word_1_42' title='bbox 550 718 690 755; x_wconf 86' lang='lat' dir='ltr'>Brutus</span> <span class='ocrx_word' id='word_1_43' title='bbox 711 718 923 763; x_wconf 86' lang='lat' dir='ltr'>contendit,</span> <span class='ocrx_word' id='word_1_44' title='bbox 943 725 1055 755; x_wconf 86' lang='lat' dir='ltr'>aucto</span> <span class='ocrx_word' id='word_1_45' title='bbox 1075 717 1225 755; x_wconf 89' lang='lat' dir='ltr'>navium</span> <span class='ocrx_word' id='word_1_46' title='bbox 1245 731 1376 754; x_wconf 92' lang='lat' dir='ltr'>nume-</span> 
     </span>
     <span class='ocr_line' id='line_1_9' title="bbox 241 778 1376 828; baseline 0.004 -16"><span class='ocrx_word' id='word_1_47' title='bbox 241 789 283 813; x_wconf 92' lang='lat' dir='ltr'>ro</span> <span class='ocrx_word' id='word_1_48' title='bbox 300 791 308 813; x_wconf 91' lang='lat'><strong>:</strong></span> <span class='ocrx_word' id='word_1_49' title='bbox 338 790 423 813; x_wconf 86' lang='lat' dir='ltr'>nam</span> <span class='ocrx_word' id='word_1_50' title='bbox 443 778 490 814; x_wconf 86' lang='lat' dir='ltr'>ad</span> <span class='ocrx_word' id='word_1_51' title='bbox 510 790 586 823; x_wconf 86' lang='lat' dir='ltr'>eas,</span> <span class='ocrx_word' id='word_1_52' title='bbox 616 791 713 828; x_wconf 86' lang='lat' dir='ltr'>quae</span> <span class='ocrx_word' id='word_1_53' title='bbox 733 779 856 815; x_wconf 84' lang='lat' dir='ltr'>factae</span> <span class='ocrx_word' id='word_1_54' title='bbox 889 787 997 815; x_wconf 84' lang='lat' dir='ltr'>erant</span> <span class='ocrx_word' id='word_1_55' title='bbox 1018 779 1172 816; x_wconf 89' lang='lat' dir='ltr'>Arelate</span> <span class='ocrx_word' id='word_1_56' title='bbox 1191 792 1259 828; x_wconf 90' lang='lat' dir='ltr'>per</span> <span class='ocrx_word' id='word_1_57' title='bbox 1279 779 1376 816; x_wconf 88' lang='lat' dir='ltr'>Cae-</span> 
     </span>
     <span class='ocr_line' id='line_1_10' title="bbox 241 838 1378 887; baseline 0.004 -15"><span class='ocrx_word' id='word_1_58' title='bbox 241 849 377 882; x_wconf 82' lang='lat' dir='ltr'>sarem,</span> <span class='ocrx_word' id='word_1_59' title='bbox 411 838 581 887; x_wconf 78' lang='lat' dir='ltr'>captivae</span> <span class='ocrx_word' id='word_1_60' title='bbox 611 838 902 875; x_wconf 79' lang='lat' dir='ltr'>Massiliensium</span> <span class='ocrx_word' id='word_1_61' title='bbox 923 846 1163 876; x_wconf 82' lang='lat' dir='ltr'>accesserant</span> <span class='ocrx_word' id='word_1_62' title='bbox 1184 850 1241 876; x_wconf 76' lang='lat' dir='ltr'>Vi.</span> <span class='ocrx_word' id='word_1_63' title='bbox 1295 839 1378 876; x_wconf 87' lang='lat' dir='ltr'>Has</span> 
     </span>
     <span class='ocr_line' id='line_1_11' title="bbox 243 898 1378 949; baseline 0.003 -16"><span class='ocrx_word' id='word_1_64' title='bbox 243 898 500 946; x_wconf 88' lang='lat' dir='ltr'>superioribus</span> <span class='ocrx_word' id='word_1_65' title='bbox 533 898 718 936; x_wconf 78' lang='lat' dir='ltr'>refecerat</span> <span class='ocrx_word' id='word_1_66' title='bbox 750 899 896 943; x_wconf 85' lang='lat' dir='ltr'>diebus,</span> <span class='ocrx_word' id='word_1_67' title='bbox 927 906 1042 949; x_wconf 83' lang='lat' dir='ltr'>atque</span> <span class='ocrx_word' id='word_1_68' title='bbox 1073 899 1246 936; x_wconf 90' lang='lat' dir='ltr'>omnibus</span> <span class='ocrx_word' id='word_1_69' title='bbox 1265 900 1378 936; x_wconf 86' lang='lat' dir='ltr'>rebus</span> 
     </span>
     <span class='ocr_line' id='line_1_12' title="bbox 239 958 1373 1010; baseline 0.004 -17"><span class='ocrx_word' id='word_1_70' title='bbox 239 958 486 996; x_wconf 77' lang='lat' dir='ltr'>instruxerat.</span> <span class='ocrx_word' id='word_1_71' title='bbox 538 959 686 1010; x_wconf 85' lang='lat' dir='ltr'>Itaque,</span> <span class='ocrx_word' id='word_1_72' title='bbox 716 972 803 996; x_wconf 87' lang='lat' dir='ltr'>suos</span> <span class='ocrx_word' id='word_1_73' title='bbox 822 960 1055 1005; x_wconf 83' lang='lat' dir='ltr'>cohortatus,</span> <span class='ocrx_word' id='word_1_74' title='bbox 1086 973 1180 1009; x_wconf 91' lang='lat' dir='ltr'>quos</span> <span class='ocrx_word' id='word_1_75' title='bbox 1205 960 1373 1010; x_wconf 81' lang='lat' dir='ltr'>integros</span> 
     </span>
     <span class='ocr_line' id='line_1_13' title="bbox 239 1018 1378 1070; baseline 0.003 -16"><span class='ocrx_word' id='word_1_76' title='bbox 239 1018 533 1067; x_wconf 83' lang='lat' dir='ltr'>superavissent,</span> <span class='ocrx_word' id='word_1_77' title='bbox 555 1027 592 1056; x_wconf 92' lang='lat' dir='ltr'>ut</span> <span class='ocrx_word' id='word_1_78' title='bbox 609 1020 728 1057; x_wconf 90' lang='lat' dir='ltr'>victos</span> <span class='ocrx_word' id='word_1_79' title='bbox 744 1027 1047 1065; x_wconf 83' lang='lat' dir='ltr'>contemnerent,</span> <span class='ocrx_word' id='word_1_80' title='bbox 1067 1020 1202 1070; x_wconf 81' lang='lat' dir='ltr'>plenus</span> <span class='ocrx_word' id='word_1_81' title='bbox 1217 1020 1297 1070; x_wconf 88' lang='lat' dir='ltr'>spei</span> <span class='ocrx_word' id='word_1_82' title='bbox 1311 1021 1378 1058; x_wconf 92' lang='lat' dir='ltr'>bo-</span> 
     </span>
     <span class='ocr_line' id='line_1_14' title="bbox 239 1079 1381 1129; baseline 0.004 -15"><span class='ocrx_word' id='word_1_83' title='bbox 239 1090 311 1114; x_wconf 88' lang='lat' dir='ltr'>nae</span> <span class='ocrx_word' id='word_1_84' title='bbox 331 1085 446 1127; x_wconf 81' lang='lat' dir='ltr'>atque</span> <span class='ocrx_word' id='word_1_85' title='bbox 462 1079 574 1115; x_wconf 84' lang='lat' dir='ltr'>animi</span> <span class='ocrx_word' id='word_1_86' title='bbox 591 1079 770 1116; x_wconf 81' lang='lat' dir='ltr'>adversus</span> <span class='ocrx_word' id='word_1_87' title='bbox 785 1092 850 1116; x_wconf 88' lang='lat' dir='ltr'>eos</span> <span class='ocrx_word' id='word_1_88' title='bbox 862 1079 1129 1129; x_wconf 80' lang='lat' dir='ltr'>proficiscitur.</span> <span class='ocrx_word' id='word_1_89' title='bbox 1160 1079 1286 1117; x_wconf 87' lang='lat' dir='ltr'>Facile</span> <span class='ocrx_word' id='word_1_90' title='bbox 1299 1088 1381 1118; x_wconf 88' lang='lat' dir='ltr'>erat</span> 
     </span>
     <span class='ocr_line' id='line_1_15' title="bbox 239 1138 1376 1191; baseline 0.003 -16"><span class='ocrx_word' id='word_1_91' title='bbox 239 1151 288 1175; x_wconf 89' lang='lat' dir='ltr'>ex</span> <span class='ocrx_word' id='word_1_92' title='bbox 311 1138 444 1176; x_wconf 82' lang='lat' dir='ltr'>castris</span> <span class='ocrx_word' id='word_1_93' title='bbox 465 1138 508 1175; x_wconf 90' lang='lat' dir='ltr'>C.</span> <span class='ocrx_word' id='word_1_94' title='bbox 540 1139 736 1184; x_wconf 88' lang='lat' dir='ltr'>Trebonii,</span> <span class='ocrx_word' id='word_1_95' title='bbox 769 1147 882 1189; x_wconf 85' lang='lat' dir='ltr'>atque</span> <span class='ocrx_word' id='word_1_96' title='bbox 911 1140 1085 1176; x_wconf 85' lang='lat' dir='ltr'>omnibus</span> <span class='ocrx_word' id='word_1_97' title='bbox 1117 1141 1376 1191; x_wconf 88' lang='lat' dir='ltr'>superioribus</span> 
     </span>
     <span class='ocr_line' id='line_1_16' title="bbox 237 1199 1377 1252; baseline 0.003 -17"><span class='ocrx_word' id='word_1_98' title='bbox 237 1199 346 1244; x_wconf 86' lang='lat' dir='ltr'>locis,</span> <span class='ocrx_word' id='word_1_99' title='bbox 376 1199 594 1249; x_wconf 83' lang='lat' dir='ltr'>prospicere</span> <span class='ocrx_word' id='word_1_100' title='bbox 621 1200 657 1236; x_wconf 90' lang='lat' dir='ltr'>in</span> <span class='ocrx_word' id='word_1_101' title='bbox 679 1201 827 1246; x_wconf 85' lang='lat' dir='ltr'>urbem,</span> <span class='ocrx_word' id='word_1_102' title='bbox 860 1208 899 1237; x_wconf 90' lang='lat' dir='ltr'>ut</span> <span class='ocrx_word' id='word_1_103' title='bbox 920 1200 1040 1236; x_wconf 84' lang='lat' dir='ltr'>omnis</span> <span class='ocrx_word' id='word_1_104' title='bbox 1055 1202 1251 1249; x_wconf 90' lang='lat' dir='ltr'>juventus,</span> <span class='ocrx_word' id='word_1_105' title='bbox 1279 1214 1377 1252; x_wconf 83' lang='lat' dir='ltr'>quae</span> 
     </span>
     <span class='ocr_line' id='line_1_17' title="bbox 237 1260 1379 1310; baseline 0.003 -15"><span class='ocrx_word' id='word_1_106' title='bbox 237 1260 275 1296; x_wconf 88' lang='lat' dir='ltr'>in</span> <span class='ocrx_word' id='word_1_107' title='bbox 310 1260 449 1309; x_wconf 87' lang='lat' dir='ltr'>oppido</span> <span class='ocrx_word' id='word_1_108' title='bbox 483 1268 730 1305; x_wconf 78' lang='lat' dir='ltr'>remanserat,</span> <span class='ocrx_word' id='word_1_109' title='bbox 762 1273 969 1310; x_wconf 88' lang='lat' dir='ltr'>omnesque</span> <span class='ocrx_word' id='word_1_110' title='bbox 996 1261 1199 1310; x_wconf 88' lang='lat' dir='ltr'>superioris</span> <span class='ocrx_word' id='word_1_111' title='bbox 1230 1262 1379 1307; x_wconf 89' lang='lat' dir='ltr'>aetatis,</span> 
     </span>
     <span class='ocr_line' id='line_1_18' title="bbox 239 1319 1375 1370; baseline 0 -14"><span class='ocrx_word' id='word_1_112' title='bbox 239 1332 327 1356; x_wconf 90' lang='lat' dir='ltr'>cum</span> <span class='ocrx_word' id='word_1_113' title='bbox 357 1320 498 1364; x_wconf 87' lang='lat' dir='ltr'>liberis,</span> <span class='ocrx_word' id='word_1_114' title='bbox 537 1328 653 1370; x_wconf 84' lang='lat' dir='ltr'>atque</span> <span class='ocrx_word' id='word_1_115' title='bbox 679 1320 873 1365; x_wconf 82' lang='lat' dir='ltr'>uxoribus,</span> <span class='ocrx_word' id='word_1_116' title='bbox 913 1319 1148 1370; x_wconf 86' lang='lat' dir='ltr'>publicisque</span> <span class='ocrx_word' id='word_1_117' title='bbox 1178 1320 1375 1366; x_wconf 85' lang='lat' dir='ltr'>custodiis,</span> 
     </span>
     <span class='ocr_line' id='line_1_19' title="bbox 240 1380 1381 1431; baseline 0.001 -14"><span class='ocrx_word' id='word_1_118' title='bbox 240 1388 305 1417; x_wconf 86' lang='lat' dir='ltr'>aut</span> <span class='ocrx_word' id='word_1_119' title='bbox 325 1394 373 1416; x_wconf 83' lang='lat' dir='ltr'>ex</span> <span class='ocrx_word' id='word_1_120' title='bbox 395 1393 503 1416; x_wconf 87' lang='lat' dir='ltr'>muro</span> <span class='ocrx_word' id='word_1_121' title='bbox 523 1380 570 1416; x_wconf 86' lang='lat' dir='ltr'>ad</span> <span class='ocrx_word' id='word_1_122' title='bbox 587 1380 735 1417; x_wconf 87' lang='lat' dir='ltr'>coelum</span> <span class='ocrx_word' id='word_1_123' title='bbox 756 1393 887 1416; x_wconf 86' lang='lat' dir='ltr'>manus</span> <span class='ocrx_word' id='word_1_124' title='bbox 907 1380 1124 1424; x_wconf 80' lang='lat' dir='ltr'>tenderent,</span> <span class='ocrx_word' id='word_1_125' title='bbox 1153 1388 1217 1417; x_wconf 88' lang='lat' dir='ltr'>aut</span> <span class='ocrx_word' id='word_1_126' title='bbox 1239 1381 1381 1431; x_wconf 80' lang='lat' dir='ltr'>templa</span> 
     </span>
     <span class='ocr_line' id='line_1_20' title="bbox 239 1440 1382 1492; baseline 0.001 -15"><span class='ocrx_word' id='word_1_127' title='bbox 239 1441 399 1478; x_wconf 85' lang='lat' dir='ltr'>deorum</span> <span class='ocrx_word' id='word_1_128' title='bbox 420 1441 687 1478; x_wconf 85' lang='lat' dir='ltr'>immortalium</span> <span class='ocrx_word' id='word_1_129' title='bbox 709 1441 870 1486; x_wconf 87' lang='lat' dir='ltr'>adirent,</span> <span class='ocrx_word' id='word_1_130' title='bbox 891 1447 943 1485; x_wconf 91' lang='lat' dir='ltr'>et,</span> <span class='ocrx_word' id='word_1_131' title='bbox 963 1448 1050 1477; x_wconf 84' lang='lat' dir='ltr'>ante</span> <span class='ocrx_word' id='word_1_132' title='bbox 1075 1440 1277 1478; x_wconf 82' lang='lat' dir='ltr'>simulacra</span> <span class='ocrx_word' id='word_1_133' title='bbox 1296 1455 1382 1492; x_wconf 91' lang='lat' dir='ltr'>pro·</span> 
     </span>
     <span class='ocr_line' id='line_1_21' title="bbox 233 1501 1381 1552; baseline 0.001 -14"><span class='ocrx_word' id='word_1_134' title='bbox 233 1502 343 1551; x_wconf 68' lang='lat' dir='ltr'>joc-ti,</span> <span class='ocrx_word' id='word_1_135' title='bbox 364 1502 559 1539; x_wconf 86' lang='lat' dir='ltr'>victoriam</span> <span class='ocrx_word' id='word_1_136' title='bbox 577 1502 622 1538; x_wconf 91' lang='lat' dir='ltr'>ab</span> <span class='ocrx_word' id='word_1_137' title='bbox 640 1501 710 1538; x_wconf 91' lang='lat' dir='ltr'>diis</span> <span class='ocrx_word' id='word_1_138' title='bbox 726 1502 993 1550; x_wconf 82' lang='lat' dir='ltr'>exposcerent.</span> <span class='ocrx_word' id='word_1_139' title='bbox 1024 1501 1161 1551; x_wconf 90' lang='lat' dir='ltr'>Neque</span> <span class='ocrx_word' id='word_1_140' title='bbox 1181 1509 1263 1539; x_wconf 86' lang='lat' dir='ltr'>erat</span> <span class='ocrx_word' id='word_1_141' title='bbox 1280 1502 1381 1552; x_wconf 87' lang='lat' dir='ltr'>quis-</span> 
     </span>
     <span class='ocr_line' id='line_1_22' title="bbox 236 1560 1378 1611; baseline 0.002 -14"><span class='ocrx_word' id='word_1_142' title='bbox 236 1574 349 1611; x_wconf 89' lang='lat' dir='ltr'>quam</span> <span class='ocrx_word' id='word_1_143' title='bbox 370 1562 551 1606; x_wconf 88' lang='lat' dir='ltr'>omnium‚</span> <span class='ocrx_word' id='word_1_144' title='bbox 572 1561 663 1611; x_wconf 90' lang='lat' dir='ltr'>quin</span> <span class='ocrx_word' id='word_1_145' title='bbox 683 1560 720 1596; x_wconf 89' lang='lat' dir='ltr'>in</span> <span class='ocrx_word' id='word_1_146' title='bbox 737 1562 817 1609; x_wconf 86' lang='lat' dir='ltr'>ejus</span> <span class='ocrx_word' id='word_1_147' title='bbox 837 1560 911 1597; x_wconf 88' lang='lat' dir='ltr'>diei</span> <span class='ocrx_word' id='word_1_148' title='bbox 928 1573 1017 1597; x_wconf 88' lang='lat' dir='ltr'>casu</span> <span class='ocrx_word' id='word_1_149' title='bbox 1036 1573 1188 1598; x_wconf 86' lang='lat' dir='ltr'>suarum</span> <span class='ocrx_word' id='word_1_150' title='bbox 1209 1562 1378 1599; x_wconf 88' lang='lat' dir='ltr'>omnium</span> 
     </span>
     <span class='ocr_line' id='line_1_23' title="bbox 236 1621 1380 1660; baseline 0.002 -2"><span class='ocrx_word' id='word_1_151' title='bbox 236 1622 478 1659; x_wconf 83' lang='lat' dir='ltr'>fortunarum</span> <span class='ocrx_word' id='word_1_152' title='bbox 509 1629 685 1660; x_wconf 85' lang='lat' dir='ltr'>eventum</span> <span class='ocrx_word' id='word_1_153' title='bbox 707 1621 914 1658; x_wconf 88' lang='lat' dir='ltr'>consistere</span> <span class='ocrx_word' id='word_1_154' title='bbox 945 1621 1192 1658; x_wconf 81' lang='lat' dir='ltr'>existimaret.</span> <span class='ocrx_word' id='word_1_155' title='bbox 1225 1634 1312 1659; x_wconf 85' lang='lat' dir='ltr'>nam</span> <span class='ocrx_word' id='word_1_156' title='bbox 1340 1630 1380 1660; x_wconf 87' lang='lat' dir='ltr'>et</span> 
     </span>
     <span class='ocr_line' id='line_1_24' title="bbox 236 1682 1378 1732; baseline 0 -14"><span class='ocrx_word' id='word_1_157' title='bbox 236 1682 388 1720; x_wconf 84' lang='lat' dir='ltr'>honesti</span> <span class='ocrx_word' id='word_1_158' title='bbox 409 1696 456 1719; x_wconf 87' lang='lat' dir='ltr'>ex</span> <span class='ocrx_word' id='word_1_159' title='bbox 479 1685 693 1732; x_wconf 87' lang='lat' dir='ltr'>juventute,</span> <span class='ocrx_word' id='word_1_160' title='bbox 731 1689 770 1718; x_wconf 91' lang='lat' dir='ltr'>et</span> <span class='ocrx_word' id='word_1_161' title='bbox 789 1684 973 1731; x_wconf 89' lang='lat' dir='ltr'>cujusque</span> <span class='ocrx_word' id='word_1_162' title='bbox 992 1682 1126 1719; x_wconf 84' lang='lat' dir='ltr'>aetatis</span> <span class='ocrx_word' id='word_1_163' title='bbox 1145 1682 1378 1731; x_wconf 87' lang='lat' dir='ltr'>amplissimi,</span> 
     </span>
     <span class='ocr_line' id='line_1_25' title="bbox 236 1742 1381 1792; baseline 0.001 -13"><span class='ocrx_word' id='word_1_164' title='bbox 236 1744 458 1781; x_wconf 88' lang='lat' dir='ltr'>nominatim</span> <span class='ocrx_word' id='word_1_165' title='bbox 480 1744 641 1788; x_wconf 88' lang='lat' dir='ltr'>evocati,</span> <span class='ocrx_word' id='word_1_166' title='bbox 662 1751 774 1792; x_wconf 86' lang='lat' dir='ltr'>atque</span> <span class='ocrx_word' id='word_1_167' title='bbox 790 1742 992 1786; x_wconf 87' lang='lat' dir='ltr'>obsecrati,</span> <span class='ocrx_word' id='word_1_168' title='bbox 1016 1754 1129 1779; x_wconf 89' lang='lat' dir='ltr'>naves</span> <span class='ocrx_word' id='word_1_169' title='bbox 1146 1743 1381 1780; x_wconf 88' lang='lat' dir='ltr'>conscende-</span> 
     </span>
     <span class='ocr_line' id='line_1_26' title="bbox 235 1801 1380 1853; baseline 0 -14"><span class='ocrx_word' id='word_1_170' title='bbox 235 1811 343 1845; x_wconf 85' lang='lat' dir='ltr'>rant;</span> <span class='ocrx_word' id='word_1_171' title='bbox 373 1811 426 1848; x_wconf 87' lang='lat' dir='ltr'>ut,</span> <span class='ocrx_word' id='word_1_172' title='bbox 455 1803 484 1840; x_wconf 93' lang='lat' dir='ltr'>si</span> <span class='ocrx_word' id='word_1_173' title='bbox 506 1803 596 1853; x_wconf 91' lang='lat' dir='ltr'>quid</span> <span class='ocrx_word' id='word_1_174' title='bbox 615 1803 761 1839; x_wconf 85' lang='lat' dir='ltr'>adversi</span> <span class='ocrx_word' id='word_1_175' title='bbox 781 1802 998 1847; x_wconf 87' lang='lat' dir='ltr'>accidisset,</span> <span class='ocrx_word' id='word_1_176' title='bbox 1028 1814 1076 1838; x_wconf 87' lang='lat' dir='ltr'>ne</span> <span class='ocrx_word' id='word_1_177' title='bbox 1096 1801 1143 1838; x_wconf 86' lang='lat' dir='ltr'>ad</span> <span class='ocrx_word' id='word_1_178' title='bbox 1164 1802 1380 1840; x_wconf 89' lang='lat' dir='ltr'>conandum</span> 
     </span>
     <span class='ocr_line' id='line_1_27' title="bbox 235 1862 1378 1914; baseline 0.002 -14"><span class='ocrx_word' id='word_1_179' title='bbox 235 1863 387 1913; x_wconf 66' lang='lat' dir='ltr'>quidvm</span> <span class='ocrx_word' id='word_1_180' title='bbox 408 1864 476 1900; x_wconf 88' lang='lat' dir='ltr'>sibi</span> <span class='ocrx_word' id='word_1_181' title='bbox 498 1863 704 1914; x_wconf 85' lang='lat' dir='ltr'>quidquam</span> <span class='ocrx_word' id='word_1_182' title='bbox 727 1862 859 1912; x_wconf 82' lang='lat' dir='ltr'>reliqui</span> <span class='ocrx_word' id='word_1_183' title='bbox 888 1862 970 1899; x_wconf 86' lang='lat' dir='ltr'>fore</span> <span class='ocrx_word' id='word_1_184' title='bbox 991 1862 1187 1906; x_wconf 86' lang='lat' dir='ltr'>viderent;</span> <span class='ocrx_word' id='word_1_185' title='bbox 1214 1863 1243 1900; x_wconf 90' lang='lat' dir='ltr'>si</span> <span class='ocrx_word' id='word_1_186' title='bbox 1265 1876 1378 1913; x_wconf 89' lang='lat' dir='ltr'>supe·</span> 
     </span>
     <span class='ocr_line' id='line_1_28' title="bbox 235 1922 1373 1972; baseline 0.001 -12"><span class='ocrx_word' id='word_1_187' title='bbox 235 1924 419 1960; x_wconf 81' lang='lat' dir='ltr'>ravissent</span> <span class='ocrx_word' id='word_1_188' title='bbox 439 1924 496 1960; x_wconf 87' lang='lat' dir='ltr'>vel</span> <span class='ocrx_word' id='word_1_189' title='bbox 517 1922 735 1960; x_wconf 85' lang='lat' dir='ltr'>domesticis</span> <span class='ocrx_word' id='word_1_190' title='bbox 755 1922 902 1972; x_wconf 89' lang='lat' dir='ltr'>opibus,</span> <span class='ocrx_word' id='word_1_191' title='bbox 934 1922 993 1959; x_wconf 89' lang='lat' dir='ltr'>vel</span> <span class='ocrx_word' id='word_1_192' title='bbox 1013 1923 1180 1960; x_wconf 84' lang='lat' dir='ltr'>externis</span> <span class='ocrx_word' id='word_1_193' title='bbox 1207 1924 1373 1971; x_wconf 87' lang='lat' dir='ltr'>auxiliis,</span> 
     </span>
     <span class='ocr_line' id='line_1_29' title="bbox 235 1983 819 2021; baseline -0.002 -1"><span class='ocrx_word' id='word_1_194' title='bbox 235 1984 283 2021; x_wconf 85' lang='lat' dir='ltr'>de</span> <span class='ocrx_word' id='word_1_195' title='bbox 304 1985 425 2021; x_wconf 83' lang='lat' dir='ltr'>salute</span> <span class='ocrx_word' id='word_1_196' title='bbox 447 1984 549 2020; x_wconf 90' lang='lat' dir='ltr'>urbis</span> <span class='ocrx_word' id='word_1_197' title='bbox 570 1983 819 2020; x_wconf 84' lang='lat' dir='ltr'>confiderent.</span> 
     </span>
    </p>

    <p class='ocr_par' dir='ltr' id='par_1_4' title="bbox 229 2042 1378 2336">
     <span class='ocr_line' id='line_1_30' title="bbox 288 2042 1378 2093; baseline 0.002 -12"><span class='ocrx_word' id='word_1_198' title='bbox 288 2045 355 2081; x_wconf 89' lang='lat' dir='ltr'>VI.</span> <span class='ocrx_word' id='word_1_199' title='bbox 399 2044 610 2082; x_wconf 84' lang='lat' dir='ltr'>Commisso</span> <span class='ocrx_word' id='word_1_200' title='bbox 629 2043 788 2093; x_wconf 88' lang='lat' dir='ltr'>proelio,</span> <span class='ocrx_word' id='word_1_201' title='bbox 810 2042 1111 2081; x_wconf 78' lang='lat' dir='ltr'>Massiliensibus</span> <span class='ocrx_word' id='word_1_202' title='bbox 1132 2057 1190 2081; x_wconf 91' lang='lat' dir='ltr'>res</span> <span class='ocrx_word' id='word_1_203' title='bbox 1206 2045 1308 2082; x_wconf 85' lang='lat' dir='ltr'>nulla</span> <span class='ocrx_word' id='word_1_204' title='bbox 1329 2046 1378 2083; x_wconf 85' lang='lat' dir='ltr'>ad</span> 
     </span>
     <span class='ocr_line' id='line_1_31' title="bbox 234 2104 1376 2155; baseline -0.001 -12"><span class='ocrx_word' id='word_1_205' title='bbox 234 2106 412 2143; x_wconf 88' lang='lat' dir='ltr'>virtutem</span> <span class='ocrx_word' id='word_1_206' title='bbox 434 2105 577 2141; x_wconf 80' lang='lat' dir='ltr'>defuit:</span> <span class='ocrx_word' id='word_1_207' title='bbox 605 2104 686 2149; x_wconf 89' lang='lat' dir='ltr'>sed,</span> <span class='ocrx_word' id='word_1_208' title='bbox 711 2116 897 2140; x_wconf 80' lang='lat' dir='ltr'>memores</span> <span class='ocrx_word' id='word_1_209' title='bbox 917 2117 1047 2141; x_wconf 89' lang='lat' dir='ltr'>eorum</span> <span class='ocrx_word' id='word_1_210' title='bbox 1068 2113 1376 2155; x_wconf 86' lang='lat' dir='ltr'>praeceptorum,</span> 
     </span>
     <span class='ocr_line' id='line_1_32' title="bbox 235 2163 1378 2216; baseline 0 -14"><span class='ocrx_word' id='word_1_211' title='bbox 235 2178 333 2216; x_wconf 81' lang='lat' dir='ltr'>quae</span> <span class='ocrx_word' id='word_1_212' title='bbox 365 2164 491 2214; x_wconf 85' lang='lat' dir='ltr'>paullo</span> <span class='ocrx_word' id='word_1_213' title='bbox 511 2171 599 2200; x_wconf 86' lang='lat' dir='ltr'>ante</span> <span class='ocrx_word' id='word_1_214' title='bbox 619 2164 665 2200; x_wconf 92' lang='lat' dir='ltr'>ab</span> <span class='ocrx_word' id='word_1_215' title='bbox 694 2163 770 2199; x_wconf 86' lang='lat' dir='ltr'>suis</span> <span class='ocrx_word' id='word_1_216' title='bbox 790 2171 1033 2213; x_wconf 87' lang='lat' dir='ltr'>acceperant,</span> <span class='ocrx_word' id='word_1_217' title='bbox 1063 2165 1137 2202; x_wconf 92' lang='lat' dir='ltr'>hoc</span> <span class='ocrx_word' id='word_1_218' title='bbox 1157 2165 1282 2202; x_wconf 80' lang='lat' dir='ltr'>animo</span> <span class='ocrx_word' id='word_1_219' title='bbox 1312 2165 1378 2202; x_wconf 91' lang='lat' dir='ltr'>de-</span> 
     </span>
     <span class='ocr_line' id='line_1_33' title="bbox 235 2223 1374 2274; baseline 0 -12"><span class='ocrx_word' id='word_1_220' title='bbox 235 2225 448 2270; x_wconf 79' lang='lat' dir='ltr'>certabant,</span> <span class='ocrx_word' id='word_1_221' title='bbox 479 2231 518 2260; x_wconf 89' lang='lat' dir='ltr'>ut</span> <span class='ocrx_word' id='word_1_222' title='bbox 540 2223 681 2260; x_wconf 88' lang='lat' dir='ltr'>nullum</span> <span class='ocrx_word' id='word_1_223' title='bbox 703 2223 803 2260; x_wconf 82' lang='lat' dir='ltr'>aliud</span> <span class='ocrx_word' id='word_1_224' title='bbox 834 2232 983 2274; x_wconf 77' lang='lat' dir='ltr'>teinpus</span> <span class='ocrx_word' id='word_1_225' title='bbox 1002 2225 1049 2262; x_wconf 90' lang='lat' dir='ltr'>ad</span> <span class='ocrx_word' id='word_1_226' title='bbox 1069 2224 1284 2262; x_wconf 87' lang='lat' dir='ltr'>conandum</span> <span class='ocrx_word' id='word_1_227' title='bbox 1307 2225 1374 2262; x_wconf 88' lang='lat' dir='ltr'>ha·</span> 
     </span>
     <span class='ocr_line' id='line_1_34' title="bbox 229 2284 1377 2336; baseline 0.001 -13"><span class='ocrx_word' id='word_1_228' title='bbox 229 2286 351 2323; x_wconf 75' lang='lat' dir='ltr'>rbituri</span> <span class='ocrx_word' id='word_1_229' title='bbox 370 2285 602 2330; x_wconf 87' lang='lat' dir='ltr'>viderentur,</span> <span class='ocrx_word' id='word_1_230' title='bbox 622 2292 674 2331; x_wconf 90' lang='lat' dir='ltr'>et,</span> <span class='ocrx_word' id='word_1_231' title='bbox 695 2284 832 2335; x_wconf 89' lang='lat' dir='ltr'>quibus</span> <span class='ocrx_word' id='word_1_232' title='bbox 848 2285 885 2322; x_wconf 89' lang='lat' dir='ltr'>in</span> <span class='ocrx_word' id='word_1_233' title='bbox 900 2298 1030 2335; x_wconf 86' lang='lat' dir='ltr'>pugna</span> <span class='ocrx_word' id='word_1_234' title='bbox 1049 2285 1148 2324; x_wconf 87' lang='lat' dir='ltr'>vitae</span> <span class='ocrx_word' id='word_1_235' title='bbox 1160 2285 1377 2336; x_wconf 86' lang='lat' dir='ltr'>periculum</span> 
     </span>
    </p>
   </div>
  </div>
 </body>
</html>
