1472 2664
507 196 671 235 LIBER
723 199 777 237 11.
1149 202 1198 237 39

69 300 225 339 navibus
243 313 319 347 ΧΠ,
348 313 440 352 quas
458 301 647 351 praesidio
679 301 860 339 onerariis
890 301 1047 338 navibus
1081 301 1197 339 Curio

66 374 115 398 ex
142 361 272 399 Sicilia
289 362 486 407 eduxerat,
513 369 712 412 postquam
733 361 770 398 in
790 361 919 398 littore
938 361 1109 399 relictam
1130 374 1197 398 na-

63 435 148 459 vem
167 422 380 472 conspexit,
407 421 508 459 hanc
526 422 696 459 remulco
715 422 923 459 abstraxit:
951 422 1032 473 ipse
1050 422 1099 459 ad
1119 422 1196 459 Cu-

63 481 207 520 rionem
225 495 313 520 cum
331 482 451 520 classe
469 482 581 519 redit.

114 542 257 580 XXIV.
311 542 428 580 Curio
454 542 630 580 Marcum
650 542 805 580 Uticam
833 542 991 580 navibus
1018 542 1197 592 praemit·

60 603 131 647 ,ὕες
163 603 244 653 ipse
263 603 398 640 eodem
419 616 505 640 cum
523 606 699 641 exercitu
718 602 986 654 proficiscitur,
1013 602 1197 654 biduique

61 663 134 701 iter
153 676 374 713 progressus
393 663 440 701 ad
459 664 599 701 flumen
620 663 832 713 Bagradam
852 663 1050 714 pervenit:
1079 663 1130 701 ibi
1151 664 1195 701 C.

60 724 264 762 Caninium
280 724 458 762 Rebilum
476 725 645 775 legatum
661 738 747 762 cum
765 724 978 775 legionibus
997 724 1196 774 relinquit;

60 783 142 835 ipse
155 796 243 822 curn
258 784 431 835 equitatu
446 785 641 822 antecedit
654 784 703 822 ad
717 794 839 823 castra
853 784 1086 835 exploranda
1103 787 1196 822 Cor-

61 845 224 891 neliana,
252 846 355 896 quod
382 845 413 882 is
431 845 537 883 locus
556 845 784 896 peridoneus
818 846 950 883 castris
968 846 1192 883 habebatur.

60 905 108 943 Id
120 913 248 943 autem
264 913 322 942 est
335 907 471 956 jugum
487 905 688 951 directum,
709 906 880 943 eminens
898 905 935 942 in
956 918 1073 951 mare,
1094 913 1195 943 utra-

61 978 136 1016 que
155 979 204 1003 ex
235 973 341 1015 parte
360 972 605 1016 praeruptum
625 973 740 1016 atque
760 978 949 1016 asperum,
977 965 1046 1002 sed
1067 973 1194 1003 tamen

60 1026 187 1077 paullo
206 1026 350 1064 leniore
380 1026 532 1076 fastigio
551 1026 598 1063 ab
618 1039 664 1063 ea
689 1034 812 1075 parte,
847 1038 944 1076 quae
964 1025 1011 1063 ad
1042 1026 1194 1063 Uticam

58 1086 193 1136 vergit.
236 1086 359 1123 Abest
377 1085 524 1123 directo
542 1086 677 1123 itinere
696 1087 743 1122 ab
766 1085 880 1123 Utica
891 1085 1018 1136 paullo
1033 1086 1196 1136 amplius

58 1158 236 1198 passuum
263 1146 378 1183 mille.
432 1146 508 1183 Sed
534 1146 609 1184 hoc
628 1146 765 1184 itinere
792 1153 851 1183 est
867 1147 967 1192 fons,
996 1159 1072 1197 quo
1091 1159 1195 1184 mare

57 1206 231 1244 succedit
249 1206 400 1257 longius
417 1222 426 1250 ;
444 1206 595 1257 lateque
615 1207 646 1243 is
664 1207 773 1244 locus
793 1215 986 1258 restagnat
1003 1221 1012 1244 :
1032 1220 1144 1259 quem
1164 1209 1195 1246 si

59 1267 127 1319 qui
156 1267 275 1305 vitare
305 1267 482 1314 voluerit,
511 1279 556 1304 vx
575 1267 734 1306 millium
764 1268 928 1306 circuitu
947 1269 986 1305 in
1013 1269 1194 1320 oppidum

58 1329 270 1379 perveniet.

107 1388 232 1427 XXV.
274 1389 364 1428 Hoc
380 1389 581 1440 explorato
598 1389 698 1435 loco,
719 1390 836 1428 Curio
852 1398 976 1427 castra
996 1389 1084 1428 Vari
1102 1403 1193 1428 con-

54 1449 180 1500 spicit,
206 1462 315 1487 muro
350 1449 568 1501 oppidoque
593 1452 800 1500 conjuncta
827 1451 874 1488 ad
903 1458 1065 1501 portam,
1095 1450 1196 1502 quad

54 1509 266 1560 appellatur
285 1509 444 1554 Bellica,
464 1509 668 1547 admodum
685 1510 830 1547 munita
845 1519 980 1549 natura
998 1511 1096 1549 loci:
1120 1525 1195 1549 uua

54 1582 104 1606 ex
123 1577 232 1621 parte
250 1570 332 1620 ipso
352 1570 492 1621 oppido
520 1570 648 1615 Utica,
676 1571 795 1608 altera
821 1571 983 1616 theatro,
1013 1571 1115 1623 quod
1136 1580 1193 1609 est

54 1638 145 1668 ante
164 1630 361 1682 oppidum,
396 1631 742 1668 substructionibus
772 1633 854 1680 ejus
874 1632 998 1682 operis
1018 1634 1192 1671 maximis

53 1690 159 1729 aditu
173 1692 221 1729 ad
241 1699 366 1730 castra
383 1690 523 1728 difficili
542 1698 581 1728 et
600 1699 776 1740 angusto.
817 1691 935 1729 Simul
955 1693 1192 1731 animadver-

55 1751 115 1798 tit,
142 1751 263 1790 multa
280 1752 447 1803 undique
467 1752 608 1802 portari
630 1758 751 1801 atque
772 1752 833 1802 agi
862 1752 1088 1803 plenissimis
1107 1755 1190 1800 viis,

56 1824 154 1862 quae
187 1812 376 1863 repentini
408 1812 592 1849 tumultus
626 1812 762 1849 timore
793 1825 841 1850 ex
862 1813 964 1863 agris
990 1814 1026 1849 in
1059 1815 1190 1852 urbem

54 1872 323 1917 conferantur;
355 1873 431 1910 huc
451 1873 661 1924 equitatum
688 1873 818 1919 mittit,
848 1881 888 1911 ut
907 1874 1102 1925 diriperet,
1136 1883 1192 1913 at-

54 1945 130 1983 que
154 1933 315 1970 haberet
346 1933 432 1970 loco
464 1933 654 1983 praedae:
683 1933 896 1983 eodemque
928 1941 1101 1984 tempore
1132 1934 1191 1972 his

53 1993 167 2031 rebus
186 1993 355 2031 subsidio
374 2005 426 2030 nc
447 1993 594 2044 equites
615 1993 805 2031 Numidae
825 2005 874 2030 ex
899 1993 1055 2043 oppido,
1084 1994 1191 2044 pedi-

54 2061 189 2104 tesque
208 2065 276 2100 cn,
308 2054 510 2092 mittuntur
528 2066 551 2091 a
569 2053 686 2099 Varo,
706 2066 800 2104 quos
819 2052 950 2091 auxilii
969 2066 1102 2092 caussa
1120 2068 1189 2092 rex

53 2112 157 2151 Juba
188 2113 320 2164 paucis
339 2113 474 2150 diebus
504 2120 592 2150 ante
613 2113 767 2152 Uticam
799 2113 964 2151 miserat.
1022 2114 1126 2152 Huic
1150 2124 1191 2153 et

53 2179 253 2222 paternum
281 2173 487 2224 hospitium
513 2181 601 2211 cum
630 2172 816 2225 Pompeio
835 2182 874 2211 et
903 2174 1072 2212 simultas
1102 2188 1188 2213 cum

54 2231 221 2271 Curione
253 2233 541 2280 intercedebat;
573 2234 676 2285 quod
707 2234 882 2279 tribunus
912 2235 1034 2286 plebis
1064 2235 1190 2286 legem
