1472 2664
561 258 726 296 LIBER
778 260 852 297 111.
1221 263 1270 299 63

138 368 263 398 retur:
283 361 350 399 sed
364 368 592 411 potestatem
605 364 688 411 ejus
703 363 756 399 rei
770 374 811 399 se
827 362 967 399 nullam
981 361 1138 407 habere,
1157 376 1271 413 prop-

137 429 242 460 terea
259 422 361 473 quod
376 422 422 459 de
444 422 588 459 consilii
607 423 797 460 sententia
815 436 999 460 summam
1017 423 1106 460 belli
1125 436 1270 461 rerum-

136 495 209 532 que
241 482 405 519 omnium
439 483 621 534 Pompeio
653 483 916 533 permiserint:
957 484 1038 529 sed,
1069 484 1269 534 postulatis

135 543 308 580 Caesaris
335 544 512 593 cognitis,
541 543 720 581 missuros
739 544 788 581 ad
818 543 1059 594 Pompeium,
1090 553 1205 594 atque
1226 544 1270 580 il-

132 603 210 640 lum
230 603 375 653 reliqua
394 617 462 654 per
490 617 530 641 se
550 611 738 649 acturum,
771 604 1010 641 hortantibus
1031 603 1142 654 ipsis:
1173 604 1269 641 inte·-

132 676 197 701 rea
216 672 413 701 manerent
433 664 621 710 induciae,
641 665 731 701 dum
751 664 876 702 abillo
897 663 1011 701 rediri
1026 674 1179 714 posset3
1203 677 1268 701 ne·

133 736 178 760 ve
197 723 292 761 alter
311 724 419 760 alteri
448 731 618 761 noceret.
677 724 765 762 Huc
785 724 890 761 addit
908 736 1031 774 pauca
1050 724 1097 761 de
1118 737 1266 770 caussa,

130 790 168 821 et
187 784 234 821 de
255 784 387 834 copiis,
415 784 642 834 auxiliisque
661 785 749 821 suis.

181 844 308 881 XVII.
363 845 510 886 Quibus
542 846 655 882 rebus
687 858 811 896 neque
844 854 924 883 tum
956 847 1266 896 respondendum

131 906 273 944 Caesar
302 906 547 952 existimavit,
581 919 703 956 neque
732 919 847 951 nunc,
878 915 919 944 ut
947 907 1150 944 memoriae
1180 921 1266 958 pro-

131 967 281 1012 dantur,
313 967 402 1004 satis
431 979 585 1004 caussae
613 975 802 1017 putamus·
856 967 1077 1004 Postulabat
1109 968 1264 1014 Caesar,

127 1036 172 1066 ut
190 1028 335 1077 legatos
355 1028 422 1064 sibi
443 1028 491 1065 ad
511 1027 733 1077 Pompeium
750 1027 832 1063 sine
852 1028 1022 1077 periculo
1042 1029 1192 1065 mittere
1220 1028 1264 1064 li-

129 1096 259 1128 ceret:
283 1089 396 1139 idque
417 1089 485 1138 ipsi
506 1087 585 1125 fore
605 1088 833 1138 reciperent,
854 1095 918 1124 aut
938 1097 1117 1139 acceptos
1137 1101 1205 1138 per
1223 1102 1264 1126 se

127 1151 176 1187 ad
194 1163 280 1187 eum
311 1149 576 1200 perducerent.
630 1149 744 1190 Quod
762 1148 810 1185 ad
837 1148 1009 1185 inducias
1039 1149 1264 1198 pertineret,

127 1211 181 1247 sic
210 1210 300 1247 belli
331 1210 514 1247 rationem
541 1222 624 1246 esse
655 1209 825 1254 divisam,
859 1217 900 1246 ut
921 1208 971 1245 illi
1001 1209 1120 1246 classe
1148 1222 1263 1247 naves

126 1271 344 1321 auxiliaque
364 1283 431 1308 sua
450 1269 694 1320 impedirent,
723 1269 802 1319 ipse
823 1279 865 1306 ut
883 1281 981 1319 aqua
1000 1277 1176 1320 terraque
1196 1283 1263 1308 eos

124 1331 365 1384 prohiberet:
396 1332 428 1367 si
447 1331 521 1368 hoc
536 1331 607 1368 sibi
624 1330 763 1367 remitti
780 1330 933 1375 vellent,
953 1330 1191 1368 remitterent
1207 1332 1263 1382 ip-

124 1393 155 1430 si
175 1393 223 1430 de
237 1391 432 1430 maritimis
452 1391 648 1433 custodiis;
678 1391 708 1426 si
729 1391 821 1428 illud
841 1398 1030 1436 tenerent,
1051 1404 1090 1428 se
1107 1405 1258 1443 qnoque

123 1452 163 1490 id
183 1459 441 1489 retenturum:
462 1450 581 1487 nihilo
601 1451 725 1487 minus
744 1458 872 1488 tamen
887 1451 948 1501 agi
967 1463 1078 1501 posse
1095 1451 1143 1488 de
1158 1464 1262 1488 com-

122 1512 327 1564 positione,
350 1519 391 1548 ut
408 1512 502 1549 haee
516 1524 592 1547 non
607 1512 908 1554 remitterentur3
927 1524 1051 1561 neque
1067 1511 1164 1548 hanc
1181 1524 1262 1548 rem

123 1586 207 1611 esse
238 1572 499 1623 impedimenti
529 1572 627 1609 loco.
680 1572 738 1608 Illi
767 1585 892 1622 neque
920 1572 1066 1621 legatos
1087 1571 1259 1608 Caesaris

122 1634 309 1684 recipere,
343 1646 467 1683 neque
485 1633 697 1683 periculum
717 1641 910 1682 praestare
930 1645 1075 1677 eorum,
1105 1633 1174 1669 sed
1202 1640 1260 1670 to-

121 1702 198 1732 tam
219 1707 297 1732 rem
313 1694 361 1731 ad
382 1693 603 1743 Pompeium
625 1693 806 1742 rejicere:
827 1707 942 1730 unum
963 1693 1115 1737 instare,
1136 1693 1186 1730 de
1203 1693 1259 1730 in-

122 1755 257 1800 duciis,
270 1753 677 1803 vehementissimeque
691 1753 937 1790 contendere.
966 1754 1071 1794 Quos
1086 1753 1148 1789 ubi
1162 1753 1259 1790 Cae-

120 1827 180 1851 sar
207 1813 396 1851 intellexit
416 1814 626 1864 praesentis
656 1813 814 1863 periculi
834 1821 948 1863 atque
967 1813 1117 1863 inopiae
1136 1814 1259 1850 vitan-

121 1874 192 1911 dae
211 1886 344 1912 caussa
358 1886 508 1910 omnem
528 1874 740 1911 orationem
759 1873 980 1918 instituisse,
1000 1886 1123 1923 neque
1144 1873 1258 1911 ullam

120 1947 226 1985 spem
244 1942 310 1972 aut
329 1934 586 1971 conditionem
615 1935 719 1985 pacis
737 1934 894 1978 afferre;
925 1933 973 1971 ad
992 1933 1174 1984 reliquam
1194 1947 1258 1972 co-

121 1993 343 2044 gitationem
364 1994 453 2031 belli
472 2007 554 2032 sese
574 1994 732 2045 recepit.

171 2054 320 2091 XV111.
366 2054 538 2099 Bibulus,
564 2055 703 2092 multos
731 2055 812 2092 dies
840 2062 943 2092 terra
959 2055 1187 2105 prohibitus,
1219 2063 1259 2092 et

121 2115 294 2164 graviore
315 2116 447 2152 morbo
467 2128 514 2151 ex
532 2114 672 2163 frigore
692 2128 736 2152 ac
751 2115 882 2152 labore
902 2114 1121 2165 implicitus,
1141 2128 1258 2165 quum

120 2186 246 2224 neque
265 2174 390 2212 curari
409 2182 551 2225 posset,
572 2188 696 2225 neque
715 2182 936 2225 susceptum
968 2174 1130 2212 officium
1151 2175 1258 2212 dese-

120 2246 205 2272 rere
224 2235 354 2280 vellet,
374 2235 446 2271 vim
468 2235 588 2272 morbi
602 2236 788 2272 sustinere
809 2249 884 2273 non
905 2235 1040 2285 potuit.
1082 2235 1139 2272 Eo
1160 2247 1260 2272 mor-

119 2302 202 2341 tuo,
237 2295 286 2332 ad
306 2295 496 2333 neminem
525 2308 640 2333 unum
672 2308 819 2334 summa
850 2296 998 2347 imperii
1030 2295 1153 2333 redit:
1190 2295 1259 2339 sed
