1472 2664
267 254 342 292 180
702 252 750 289 A.
791 250 968 289 HIRTII

261 353 384 405 prima
401 352 507 397 acie3
531 345 640 390 simul
660 366 748 392 suos
767 353 971 399 cohortari,
991 365 1260 403 nonnunquam
1280 353 1399 403 legio·

260 414 386 453 narios
401 414 573 452 Caesaris
586 415 638 452 ita
652 415 865 466 appellare:
882 420 907 437 “
921 414 1024 456 Quid
1037 414 1123 459 tu,'’
1137 413 1274 464 inquit,
1289 417 1314 436 “
1331 413 1400 450 mi-

261 479 288 497 “
308 474 362 512 les
382 475 467 521 tiro,
500 483 577 513 tam
596 475 789 513 feroculus
816 475 881 512 es?
912 488 978 512 vos
1006 486 1156 524 quoque
1185 474 1255 510 iste
1274 474 1399 510 verbis

262 540 290 558 ‘⁴
309 534 518 573 infatuavit.
571 535 616 572 In
644 547 823 586 magnum
850 535 1068 572 mehercule
1095 547 1162 572 vos
1189 534 1401 585 periculum

261 598 288 618 “
307 595 467 646 impulit.
495 596 685 634 Misereor
696 596 852 634 vestri.’'
874 595 971 632 Tum
988 596 1108 640 miles,
1124 600 1150 618 “
1164 594 1253 632 Non
1269 596 1396 640 sum,’'

263 655 398 705 inquit,
427 660 452 678 “
466 655 552 701 tiro,
571 655 757 702 Labiene,
777 656 844 694 sed
863 656 910 693 de
938 656 1088 705 legione
1108 669 1133 692 x
1152 656 1396 692 veteranus.'’

261 714 360 752 Turn
379 715 587 761 Labienus,
616 721 642 738 “
663 716 750 753 Non
770 717 982 766 agnosco‚’'
1002 716 1138 766 inquit,
1159 721 1185 739 “
1203 716 1312 766 signa
1330 715 1396 752 de-

261 780 288 799 “
308 777 598 814 cumanorum.”
644 776 743 813 Tum
763 777 895 814 miles:
917 782 942 799 “
958 777 1044 814 Jam
1064 789 1138 822 me,
1158 776 1221 827 qui
1236 776 1319 822 sim,
1340 776 1395 812 in-

261 841 287 860 “
305 836 498 886 telliges.'’
528 835 648 874 Simul
663 836 847 874 cassidem
869 837 916 874 de
932 837 1056 886 capite
1077 836 1232 886 dejecit,
1251 844 1293 874 ut
1308 849 1400 887 cog-

258 898 365 935 nosci
393 897 440 934 ab
469 909 516 934 eo
534 904 684 947 posset;
711 903 826 948 atque
855 897 907 934 ita
925 897 1057 947 pilum,
1087 897 1226 934 viribus
1246 905 1399 935 contor-

262 965 358 1004 tum,
390 958 480 995 dum
499 958 537 994 in
557 957 769 996 Labienum
788 958 941 995 mittere
959 957 1173 1003 contendit,
1205 958 1292 1008 equi
1313 971 1399 1007 gra-

263 1019 362 1056 viter
388 1018 547 1056 adverso
575 1019 723 1069 pectori
741 1017 871 1064 affixit,
900 1025 940 1055 ct
965 1018 1039 1055 ait:
1081 1023 1106 1040 “
1124 1017 1309 1063 Labiene,
1336 1018 1402 1056 dc-

258 1083 285 1102 “
312 1091 515 1116 cumanum
533 1078 707 1125 militem,
735 1079 799 1129 qui
818 1085 856 1116 te
874 1079 986 1129 petit,
1005 1078 1101 1116 scito
1125 1079 1251 1115 esse.''
1306 1078 1398 1115 Om-

261 1138 365 1176 nium
385 1147 512 1176 tamen
531 1138 644 1176 animi
678 1139 716 1175 in
744 1146 927 1176 terrorem
947 1137 1129 1187 conjecti,
1170 1145 1209 1174 et
1236 1137 1402 1175 maxime

259 1199 422 1236 tironum
439 1213 448 1235 ε
468 1199 762 1249 circumspicere
778 1198 879 1236 enim
895 1198 1111 1244 Caesarem,
1132 1210 1256 1248 neque
1269 1198 1399 1249 ampli-

258 1272 302 1297 us
320 1259 462 1305 facere,
481 1259 553 1295 nisi
571 1259 737 1296 hostium
753 1259 883 1308 jacula
900 1258 1033 1295 vitare.

312 1319 441 1356 XVII.
497 1319 638 1357 Caesar
659 1318 823 1364 interim,
861 1318 1019 1356 consilio
1037 1318 1203 1355 hosfium
1231 1319 1401 1369 cognito,

253 1381 364 1431 jubet
382 1381 508 1418 aciem
526 1380 564 1417 in
583 1379 862 1430 longitudinem
882 1391 995 1430 quam
1014 1378 1217 1416 maximam
1243 1380 1401 1430 porrigi,

255 1448 296 1478 et
314 1441 469 1478 alternis
490 1441 682 1478 conversis
719 1439 954 1486 cohortibus,
981 1447 1023 1477 ut
1041 1452 1117 1477 una
1133 1447 1219 1490 post
1238 1440 1395 1478 alteram

257 1508 347 1539 ante
366 1501 474 1552 signa
492 1500 682 1538 tenderet.
736 1500 797 1538 Ita
816 1512 995 1545 coronam
1004 1500 1173 1538 hostium
1193 1501 1331 1538 dextro
1350 1501 1398 1539 si-

254 1562 451 1612 nistroque
470 1574 592 1599 cornu
613 1560 776 1599 mediam
797 1560 951 1604 dividit;
978 1568 1018 1598 et
1043 1573 1155 1598 unam
1182 1568 1329 1611 partem
1349 1562 1397 1599 ab

253 1620 375 1658 altera
409 1621 605 1658 exclusam
637 1620 828 1670 equitibus
868 1620 1094 1658 intrinsecus
1124 1620 1279 1662 adortus
1310 1634 1398 1660 cum

255 1680 446 1731 peditatu,
475 1679 560 1717 telis
580 1681 780 1730 conjectis,
801 1680 840 1718 in
859 1680 988 1731 fugam
1006 1681 1145 1718 vertit:
1174 1694 1298 1733 neque
1314 1682 1396 1720 lon-

256 1740 341 1790 gius
367 1753 606 1792 progressuS,
633 1740 775 1779 veritus
793 1741 962 1786 insidias,
991 1754 1031 1779 se
1058 1742 1106 1779 ad
1138 1754 1226 1779 suos
1245 1742 1395 1793 recipit.

255 1800 365 1838 Idem
384 1799 503 1843 altera
521 1812 607 1850 pars
627 1800 795 1851 equitum
815 1801 1064 1852 peditumque
1084 1802 1258 1840 Caesaris
1286 1801 1394 1840 facit.

255 1861 330 1898 His
350 1861 463 1898 rebus
481 1860 613 1910 gestis,
641 1872 686 1898 ac
705 1861 838 1911 procul
858 1861 1029 1899 hostibus
1044 1861 1217 1913 repulsis,
1238 1863 1395 1900 convul-

255 1921 488 1971 neratisque,
507 1921 554 1958 ad
569 1933 638 1959 sua
650 1920 836 1973 praesidia
851 1934 948 1968 sese,
963 1921 1062 1960 sicut
1077 1929 1158 1960 erat
1173 1922 1394 1970 instructus,

255 1982 428 2031 recipere
444 1981 585 2032 coepit.

307 2041 457 2079 XVIII.
494 2041 651 2079 Interim
665 2041 723 2079 Μ.
738 2040 914 2080 Petreius
927 2050 965 2080 et
984 2042 1055 2080 Cn.
1076 2042 1164 2080 Piso
1183 2056 1270 2081 cum
1290 2043 1396 2094 equi-

257 2103 358 2140 tibus
378 2102 554 2140 Numidis
574 2113 631 2140 mc
651 2102 797 2148 electis,
826 2103 1075 2154 peditatuque
1090 2103 1259 2153 ejusdem
1278 2116 1395 2154 gene-

259 2163 311 2200 ris
330 2162 419 2201 satis
437 2163 586 2213 grandi,
613 2175 663 2200 ex
690 2162 826 2200 itinere
857 2171 963 2201 recta
981 2163 1149 2201 subsidio
1168 2163 1244 2201 suis
1261 2176 1395 2202 occur-

256 2231 358 2261 runt.
411 2224 542 2274 Atque
560 2223 703 2269 hostes,
722 2223 798 2261 suis
817 2236 866 2261 ex
885 2230 1031 2261 terrore
1048 2223 1219 2269 firmatis,
1247 2236 1394 2261 rursus-

259 2296 334 2333 que
369 2283 560 2323 renovatis
591 2283 740 2331 animis,
765 2283 1009 2335 legionarios,
1038 2284 1228 2323 conversis
1260 2284 1395 2335 equiti-
