1472 2664
233 234 282 269 30
499 229 573 267 DE
609 229 786 266 BELLO
827 229 992 267 CIVILI

224 345 357 370 caussa
375 339 530 382 ponant,
551 332 798 370 collocentur.
836 332 893 369 Eo
912 344 1025 382 super
1044 330 1150 382 tigna
1167 331 1357 382 bipedalia

225 393 426 442 injiciunt3
459 405 579 442 eaque
599 392 745 429 laminis
766 391 956 441 clavisque
977 391 1151 441 religant.
1206 393 1270 428 Ad
1290 405 1357 429 ex·

223 458 386 488 tremum
402 451 561 488 musculi
583 458 740 496 tectum,
757 451 957 500 trabesque
973 458 1178 496 extremas,
1199 451 1357 501 quadra-

223 519 279 548 tas
300 512 462 561 regulas,
484 524 528 547 1v
547 519 720 561 patentes
741 511 893 561 digitos,
925 511 1110 560 defigunt,
1138 524 1235 562 quae
1265 513 1359 549 late-

222 585 295 616 res,
330 572 390 621 qui
422 585 535 621 super
565 572 735 608 musculo
766 579 974 616 struantur,
1008 572 1242 609 contineant.
1296 572 1358 609 Ita

221 632 413 681 fastigato,
441 641 554 682 atque
574 633 777 669 ordinatim>
793 640 952 676 structo,
983 639 1022 667 ut
1043 632 1168 669 trabes
1187 638 1295 668 erant
1315 632 1354 667 in

222 693 408 742 capreolis
442 693 663 737 collocatae,
698 692 879 729 lateribus
905 693 1062 742 lutoque
1081 692 1289 737 musculus,
1319 700 1361 728 ut

221 754 267 790 ab
288 753 379 803 igni,
409 753 471 802 qui
491 766 539 789 ex
559 765 666 789 muro
682 755 887 802 jaceretur,
917 761 1020 790 tutus
1040 761 1152 797 esset,
1182 752 1358 802 contegi-

223 821 297 849 tur.
353 813 475 862 Super
507 814 643 849 lateres
677 813 780 849 coria
812 813 1058 858 inducuntur,
1087 826 1134 849 ne
1165 812 1361 850 canalibus

221 887 321 923 aqua
347 873 512 910 immissa
541 874 677 910 lateres
707 873 852 910 diluere
879 881 1019 923 posset.
1073 873 1187 910 Coria
1215 880 1359 918 autem,

221 947 270 970 ne
288 946 417 970 rursus
437 934 513 983 igni
533 946 578 970 ac
598 933 786 982 lapidibus
806 939 1110 981 corrumpantur,
1131 932 1358 969 centonibus

222 1001 494 1042 conteguntur.
549 993 637 1030 Hoc
657 1006 753 1043 opus
773 1007 897 1038 omne,
917 1001 1063 1030 tectum
1082 993 1214 1038 vineis,
1234 993 1282 1029 ad
1303 993 1359 1043 ip·

223 1067 302 1091 sam
323 1055 454 1090 turrim
476 1054 702 1104 perficiunt;
730 1055 946 1103 subitoque,
972 1053 1255 1103 inopinantibus
1274 1054 1361 1090 hos·

222 1115 338 1158 tibus,
355 1114 634 1151 machinatione
648 1114 783 1159 navali,
799 1114 994 1164 phalangis
1010 1114 1205 1165 subjectis,
1219 1115 1266 1151 ad
1282 1122 1362 1152 tur-

225 1175 294 1211 rim
315 1174 480 1211 hostium
501 1174 717 1219 admovent,
737 1181 779 1209 ut
797 1173 970 1210 aedificio
985 1175 1181 1222 jungatur.

276 1235 344 1271 XI.
399 1236 484 1276 Quo
514 1234 613 1271 malo
642 1233 832 1283 perterriti
867 1234 1005 1279 subito,
1040 1233 1219 1283 oppidani
1253 1245 1359 1279 saxa,

223 1308 335 1344 quarn
356 1295 521 1331 maxima
552 1302 723 1344 possunt,
756 1294 928 1331 vectibus
947 1302 1184 1343 promovent,
1211 1294 1359 1343 praeci-

220 1356 414 1405 pitataque
446 1367 555 1390 muro
575 1355 612 1390 in
633 1354 845 1391 musculum
877 1354 1094 1390 devolvunt.
1148 1353 1271 1391 Ictum
1294 1355 1356 1391 fir·

220 1416 331 1451 mitas
350 1414 530 1451 materiae
550 1414 725 1458 sustinet,
753 1422 804 1459 et,
825 1413 1010 1463 quidquid
1030 1412 1175 1458 incidit,
1203 1412 1356 1463 fastigio

220 1475 381 1512 musculi
409 1474 583 1511 elabitur.
636 1474 682 1510 Id
703 1473 765 1511 ubi
785 1473 929 1518 vident,
958 1480 1104 1509 mutant
1135 1473 1358 1511 consilium:

223 1548 339 1586 cupas
358 1535 470 1572 taeda
482 1548 526 1572 ac
542 1535 627 1585 pice
646 1534 804 1571 refertas
820 1533 1042 1578 incendunt,
1062 1546 1200 1583 easque
1215 1534 1262 1570 de
1278 1547 1361 1571 mu-

222 1609 265 1632 ro
286 1596 322 1631 in
342 1595 554 1632 musculum
576 1594 793 1631 devolvunt.
848 1594 1046 1631 Involutae
1065 1594 1266 1637 labuntur;
1296 1595 1362 1632 de-

221 1657 349 1707 lapsae
379 1656 426 1692 ab
452 1656 649 1700 lateribus,
683 1655 866 1704 longuriis
886 1654 1077 1705 furcisque
1104 1655 1150 1692 ab
1171 1667 1285 1705 opere
1303 1668 1363 1692 re-

223 1725 437 1754 moventur.
490 1716 647 1752 Interim
667 1716 735 1752 sub
757 1715 927 1752 musculo
947 1715 1084 1751 milites
1103 1715 1276 1752 vectibus
1305 1716 1361 1752 in-

223 1778 310 1815 fima
333 1790 424 1814 saxa
437 1776 550 1813 turris
570 1776 748 1820 hostium,
769 1775 904 1825 quibus
922 1774 1170 1812 fundamenta
1189 1776 1361 1812 contine-

222 1839 376 1882 bantur,
397 1836 628 1874 convellunt.
657 1836 860 1872 Musculus
875 1848 922 1872 ex
943 1835 1037 1871 turri
1056 1835 1220 1872 lateritia
1235 1848 1258 1872 a
1275 1848 1363 1873 nos-

222 1899 291 1935 tris
312 1898 395 1934 telis
415 1896 691 1946 tormentisque
712 1895 952 1932 defenditur:
974 1896 1101 1932 hostes
1120 1908 1169 1931 ex
1189 1908 1297 1932 muro
1316 1909 1362 1933 ac

224 1958 391 1995 turribus
417 1958 712 1994 submoventur:
751 1969 826 1992 non
848 1956 959 1992 datur
978 1956 1095 1993 libera
1114 1955 1210 1991 muri
1231 1955 1364 1993 defen-

223 2018 338 2055 dendi
371 2017 542 2054 facultas.
598 2016 867 2066 Compluribus
895 2018 974 2065 jam
1007 2016 1194 2066 lapidibus
1226 2028 1274 2052 ex
1303 2029 1362 2062 ea,

224 2091 321 2128 quae
349 2079 516 2121 suberat,
544 2077 637 2114 turri
666 2077 877 2121 subductiS‚
906 2076 1104 2126 repentina
1135 2076 1243 2113 ruina
1275 2089 1362 2126 pars

224 2141 306 2187 ejus
325 2138 437 2174 turris
457 2137 638 2182 concidit,
659 2149 743 2186 pars
763 2137 907 2186 reliqua
926 2149 1163 2186 consequens
1182 2149 1360 2187 procum-

225 2199 352 2236 bebat.

278 2257 368 2295 XII.
421 2259 518 2296 Tum
538 2258 680 2305 hostes,
699 2259 812 2297 turris
827 2259 1026 2310 repentina
1041 2258 1149 2297 ruina
1163 2257 1359 2305 commoti,
