1472 2664
252 249 327 286 254
548 247 772 286 INCERTI
817 249 1094 288 AUCTORIS

249 350 354 387 bant.
390 350 503 392 Quod
519 350 659 388 Caesar
673 364 787 401 quum
807 351 1138 396 animadverteret,
1156 349 1188 387 si
1202 350 1383 400 oppidum

251 422 388 460 capere
408 411 672 457 contenderet,
703 418 745 448 ut
770 412 942 450 homines
960 412 1098 463 perditi
1125 411 1387 457 incenderent,

249 477 290 508 et
317 471 466 509 moenia
484 471 670 518 delerent,
700 472 752 509 ita
770 472 928 510 consilio
947 473 1076 510 habito
1095 478 1226 516 noctu,
1245 472 1387 522 patitur

249 531 454 569 Lusitanos
482 533 719 582 eruptionem
737 532 888 570 facere:
920 533 959 569 id
978 533 1080 583 quod
1109 531 1284 569 consulto
1311 545 1388 570 non

248 592 516 630 existimabant
528 592 621 629 fieri.
653 593 712 630 Ita
726 593 959 644 erumpendo
975 605 1105 638 Πᾶνες,
1119 604 1215 643 quae
1229 592 1278 630 ad
1291 592 1389 630 Bae-

248 653 316 690 tim
332 652 475 689 flumen
491 652 666 698 fuissent,
686 653 908 691 incendunt.
953 653 1084 691 Nostri
1103 654 1192 691 dum
1211 653 1389 690 incendio

249 712 484 759 detinentur,
514 713 569 750 illi
586 714 820 764 profugiunt,
849 722 886 752 et
905 715 952 751 ab
972 714 1162 765 equitibus
1181 713 1389 751 concidun-

249 780 324 810 tur.
369 773 455 814 Quo
474 774 577 811 sacto
598 773 738 824 oppido
757 781 995 824 recuperato,
1017 776 1151 811 Astam
1171 773 1242 810 iter
1260 772 1389 810 facere

249 832 399 883 coepit:
419 846 468 870 ex
488 846 563 884 qua
578 833 730 870 civitate
745 833 861 884 legati
876 835 924 871 ad
942 834 1175 871 deditionem
1191 840 1390 878 venerunt,

251 893 582 944 Mundensesque,
615 894 676 944 qui
698 907 746 931 ex
778 894 923 944 proelio
943 895 980 930 in
1001 893 1183 944 oppidum
1207 892 1390 942 confuge·

251 962 352 999 rant,
376 968 493 1004 quum
514 955 656 992 diutius
678 954 1053 1000 circumsiderentur,
1078 955 1176 992 bene
1195 954 1306 991 multi
1323 954 1390 991 de-

250 1015 436 1053 ditionem
455 1015 616 1061 faciunt,
635 1022 688 1060 et,
708 1029 825 1066 quum
852 1023 980 1053 essent
999 1016 1037 1052 in
1055 1015 1245 1065 legionem
1264 1015 1390 1052 distri-

247 1077 345 1121 buti,
365 1079 566 1127 conjurant
593 1076 693 1113 inter
724 1089 778 1121 se,
798 1084 841 1113 ut
865 1084 982 1114 noctu
1010 1076 1119 1126 signo
1138 1077 1242 1122 dato,
1269 1077 1334 1127 qui
1351 1077 1390 1113 in

250 1137 391 1187 oppido
419 1137 595 1183 fuissent,
620 1137 858 1187 eruptionem
879 1136 1071 1180 facerent;
1104 1137 1157 1173 illi
1176 1137 1333 1174 caedem
1352 1138 1392 1174 in

252 1197 386 1235 castris
418 1197 738 1234 administrarent.
793 1197 880 1234 Hac
909 1209 950 1234 re
980 1197 1146 1245 cognita,
1177 1197 1392 1248 insequenti

250 1266 382 1303 nocte,
400 1258 531 1308 vigilia
547 1258 673 1305 tertia,
693 1265 835 1295 tessera
854 1258 955 1303 data,
975 1266 1085 1295 extra
1104 1257 1240 1295 vallum
1260 1271 1391 1296 omnes

249 1327 338 1356 sunt
356 1318 513 1356 concisi.

304 1379 509 1416 XXXVII.
551 1379 792 1417 Carteienses
806 1379 938 1424 duces,
957 1378 1046 1415 dum
1067 1378 1207 1416 Caesar
1224 1378 1265 1415 in
1281 1378 1392 1416 itine-

251 1453 292 1478 re
322 1440 468 1490 reliqua
487 1440 627 1490 oppida
645 1447 856 1490 oppugnat,
884 1447 1040 1490 propter
1066 1438 1291 1489 Pompeium
1316 1439 1393 1476 dis-

251 1501 394 1539 sentire
411 1508 635 1552 coeperunt.
679 1500 773 1537 Pars
792 1508 887 1545 erat,
907 1512 1004 1551 quae
1021 1499 1168 1550 legatos
1186 1500 1235 1537 ad
1254 1500 1392 1538 Caesa-

249 1574 329 1598 rem
349 1561 524 1604 miserat3
544 1572 644 1610 pars,
664 1559 730 1610 qui
748 1560 1068 1610 Pompeianarum
1087 1559 1249 1610 partium
1264 1559 1391 1598 fauto-

252 1633 315 1658 res
339 1627 479 1658 essent.
545 1620 743 1658 Seditiaue
773 1621 979 1666 concitata,
1016 1627 1146 1672 portas
1177 1627 1392 1671 occupant:

251 1681 389 1719 caedes
415 1682 457 1718 fit
484 1693 642 1731 magna:
669 1680 821 1718 saucius
851 1681 1055 1732 Pompeius
1074 1693 1188 1718 naves
1207 1693 1259 1717 xx
1278 1692 1392 1718 occu-

250 1751 318 1792 pat
333 1742 483 1791 longas,
499 1750 537 1778 et
557 1741 739 1791 profugit.
773 1741 928 1787 Didius,
946 1742 1009 1791 qui
1023 1741 1142 1778 Gadis
1158 1740 1267 1779 classi
1282 1753 1392 1791 prae·

250 1802 398 1847 fuisset,
436 1802 505 1853 (ad
533 1814 648 1852 quem
673 1802 783 1839 simul
808 1802 969 1840 nuncius
987 1801 1122 1839 allatus
1141 1809 1215 1847 est,
1245 1800 1394 1838 confes-

251 1863 320 1900 tim
352 1862 459 1912 sequi
484 1862 632 1912 c.oepit;
669 1863 807 1912 partim
834 1863 1026 1912 peditatus
1055 1869 1095 1899 et
1123 1861 1315 1912 equitatus
1344 1861 1393 1898 ad

250 1923 557 1973 persequendum
584 1923 762 1960 celeriter
791 1923 863 1960 iter
889 1921 1125 1973 faciebantz)
1155 1922 1245 1959 item
1267 1933 1311 1958 lv
1331 1922 1392 1959 die

251 1983 494 2032 navigatione
513 1983 692 2021 confecta
710 1984 955 2034 consequitur
969 1996 1047 2021 eos.
1086 1984 1200 2026 Quod
1219 1984 1393 2034 imparati

251 2056 274 2081 a
293 2043 446 2081 Carteia
464 2044 627 2094 profecti
642 2044 723 2081 sine
742 2057 841 2094 aqua
854 2044 1028 2090 fuissent,
1047 2044 1096 2082 ad
1114 2052 1251 2081 terram
1271 2044 1391 2094 appli-

252 2111 355 2142 cant.
410 2104 515 2142 Dum
542 2113 743 2155 aquantur,
771 2104 912 2142 Didius
931 2105 1051 2142 classe
1070 2104 1251 2151 occurrit,
1277 2116 1391 2142 naves

252 2164 441 2210 incendit,
459 2166 657 2203 nonnullas
676 2165 790 2215 capit.

305 2225 532 2263 XXXVIII.
585 2225 789 2275 Pompeius
815 2237 903 2262 cum
920 2225 1052 2275 paucis
1070 2224 1253 2275 profugit,
1279 2232 1317 2261 et
1336 2224 1391 2261 lo-

252 2286 549 2336 cumqnendam
575 2285 762 2323 munitum
788 2293 922 2322 natura
948 2293 1123 2336 occupat.
1178 2285 1336 2335 Equites
1355 2293 1392 2322 et
