1472 2664
230 271 281 305 δΟ
540 268 614 305 DE
652 267 831 306 BELLO
873 268 1041 307 CIVILI

231 371 430 423 praesidiis
450 379 615 416 teneret,
636 373 887 423 Caesarisque
907 373 1051 423 copias,
1078 385 1191 423 quam
1211 373 1377 412 maxime

230 441 372 483 posset,
404 433 603 470 distineret
619 449 627 476 ;
655 434 694 470 id
718 435 821 484 quod
855 435 1010 471 accidit.
1065 434 1242 472 castellis
1279 436 1379 473 enim

231 504 333 530 xxiv
353 494 512 537 effectis,
545 505 600 530 xv
629 493 746 530 millia
775 506 954 544 passuum
975 494 1138 531 circuitu
1156 495 1371 545 amplexus,

226 553 301 590 hoc
321 554 444 603 spatio
463 553 741 603 pabulabatur:
762 554 960 604 multaque
975 562 1084 591 erant
1101 555 1198 592 intra
1213 567 1300 592 eum
1322 556 1381 592 lo-

230 626 318 651 cum
334 628 445 651 manu
459 623 553 660 sata,
574 615 711 665 quibus
727 615 878 652 interim
895 617 1070 665 jumenta
1086 623 1274 666 pasceret.
1305 617 1378 654 At·

227 687 316 725 que,
350 683 392 712 ut
419 676 553 722 nostri,
585 676 648 726 qui
683 686 888 727 perpetuas
908 677 1139 714 munitiones
1165 676 1373 720 habebant,

226 736 432 786 perductas
448 750 497 774 ex
513 737 676 775 castonis
691 738 729 774 in
746 738 920 788 proxima
940 738 1109 782 castella,
1130 750 1178 774 ne
1195 751 1271 788 quo
1286 737 1373 775 loco

226 806 474 847 erumperent
496 798 732 848 Pompeiani,
753 806 792 835 et
820 806 970 836 nostros
998 807 1084 849 post
1105 807 1254 850 tergum
1285 800 1376 837 ado-

225 857 405 903 rirentur,
437 858 644 900 timebant3
679 859 731 896 ita
750 858 802 895 illi
824 859 1004 896 interiore
1024 859 1148 909 spatio
1169 867 1374 909 perpetuas

229 919 460 956 munitiones
480 919 708 965 efficiebant,
729 932 777 956 ne
798 932 874 969 quo
894 919 981 957 loco
1001 920 1120 956 nostri
1141 919 1296 965 intrare,
1323 928 1379 956 at-

228 993 303 1029 que
320 980 421 1030 ipsos
437 993 457 1017 a
471 987 580 1030 tergo
598 979 891 1025 circumvenire,
915 989 1083 1030 possent.
1117 979 1193 1016 Sed
1213 979 1266 1015 illi
1286 992 1377 1029 ope-

225 1041 327 1078 ribus
343 1042 562 1087 vincebant,
583 1041 687 1092 quod
701 1049 740 1078 et
754 1053 915 1077 numero
931 1040 1092 1077 militum
1112 1041 1373 1092 praestabant,

226 1111 265 1140 et
279 1102 459 1140 interiore
475 1102 596 1152 spatio
610 1103 795 1139 minorem
810 1101 1013 1139 circuitum
1030 1102 1236 1139 habebant.
1268 1103 1377 1144 Quae

226 1175 342 1213 quum
357 1171 466 1200 erant
479 1164 564 1201 loca
577 1163 731 1201 Caesari
746 1163 1025 1213 capienda‚etsi
1040 1163 1244 1214 prohibere
1261 1162 1374 1200 Pom-

225 1224 334 1274 peius
347 1225 437 1261 totis
450 1225 584 1275 copiis,
601 1233 640 1262 et
656 1224 852 1270 dimicare,
869 1237 944 1261 non
959 1224 1231 1268 constitueram
1247 1232 1375 1263 tamen

225 1285 301 1322 suis
321 1285 415 1323 locis
443 1286 660 1336 sagittarios
678 1285 970 1336 funditoresque
990 1286 1181 1332 mittebat,
1211 1300 1374 1337 quorum

225 1359 408 1397 magnum
427 1347 594 1384 habebat
606 1359 831 1384 numerum:
859 1346 1046 1397 multique
1067 1360 1117 1384 ex
1137 1349 1276 1385 nostris
1295 1348 1378 1386 vul-

227 1409 475 1454 nerabantur,
505 1419 742 1458 magnusque
771 1407 981 1445 incesserat
1001 1408 1113 1446 timor
1132 1409 1376 1459 sagittarum,

226 1477 342 1519 atque
363 1481 495 1506 omnes
514 1468 594 1505 fere
615 1468 768 1513 milites,
788 1476 852 1506 aut
873 1481 923 1505 ex
951 1469 1109 1514 coactis,
1130 1479 1196 1507 aut
1215 1482 1264 1507 ex
1286 1483 1376 1508 cen-

229 1530 397 1575 tonibus,
417 1537 484 1567 aut
499 1542 548 1566 ex
565 1529 692 1575 coriis,
711 1529 861 1567 tunicas
876 1537 942 1567 aut
962 1529 1173 1579 tegimenta
1190 1531 1379 1578 fecerant,

229 1591 368 1641 quibus
386 1591 463 1628 tela
482 1591 659 1627 vitarent.

280 1651 403 1688 XLV.
457 1650 501 1687 In
530 1650 764 1700 occupandis
784 1651 982 1701 praesidiis
1002 1663 1141 1701 magna
1159 1652 1195 1689 vi
1218 1660 1378 1704 uterque

228 1712 444 1755 nitebatur;
473 1712 629 1756 Caesar,
661 1718 703 1748 ut
722 1724 837 1761 quam
857 1712 1125 1761 angustissime
1147 1713 1373 1763 Pompeium

233 1773 469 1815 contineret;
490 1771 710 1822 Pompeius,
730 1779 773 1808 ut
793 1784 906 1822 quam
926 1773 1109 1822 plurimos
1125 1774 1242 1812 colles
1262 1787 1376 1825 quam

227 1834 397 1870 maximo
419 1833 582 1870 circuitu
607 1840 838 1883 occuparet:
859 1834 1073 1883 crebraque
1093 1835 1141 1871 ob
1162 1847 1244 1872 eam
1266 1848 1375 1873 caus-

228 1907 309 1931 sam
334 1894 481 1945 proelia
500 1893 656 1931 fiebant.
711 1894 756 1930 In
788 1893 846 1930 his
866 1907 983 1944 quum
1003 1895 1104 1945 legio
1124 1896 1300 1933 Caesaris
1330 1908 1374 1934 xx

228 1955 461 2004 praesidium
481 1955 675 2005 quoddam
695 1955 974 2004 occupavisset,
1003 1964 1042 1992 et
1060 1956 1210 1993 munire
1230 1957 1381 2007 coepis-

227 2022 305 2058 set:
324 2015 413 2052 huie
429 2015 514 2052 loco
529 2015 789 2065 propinquum
804 2021 844 2051 et
859 2014 1093 2052 contrarium
1110 2010 1247 2052 collem
1269 2015 1383 2054 Pom-

230 2075 338 2126 peius
359 2075 576 2126 occupavit,
597 2082 826 2125 nostrosque
847 2088 963 2125 opere
990 2076 1197 2126 prohibere
1226 2077 1378 2127 coepit:

227 2144 280 2180 et,
302 2147 420 2185 quum
444 2148 519 2172 una
534 2149 580 2172 ex
603 2143 710 2186 parte
725 2148 843 2186 prope
856 2149 1022 2186 aequum
1043 2136 1187 2173 aditum
1204 2137 1381 2184 haberet,

230 2196 394 2247 primum
416 2196 621 2246 sagittariis
642 2196 975 2247 funditoribusque
995 2197 1271 2247 circumjectis,
1291 2210 1380 2247 pos-

230 2266 295 2294 tea
325 2256 418 2293 levis
451 2264 665 2294 armaturae
695 2269 834 2307 magna
863 2257 1110 2295 multitudine
1140 2257 1268 2303 missa,
1297 2265 1378 2295 tor-

229 2317 442 2370 mentisque
462 2317 632 2369 prolatis,
654 2317 886 2357 munitiones
904 2318 1162 2369 impediebat:
1190 2331 1316 2372 neque
1335 2330 1376 2358 e-
