1472 2664
273 247 343 282 184
701 247 749 282 A.
788 246 964 283 HIRTII

267 345 320 382 las
336 353 543 396 portusque
558 346 755 397 disposuit,
772 361 847 399 quo
863 349 980 386 tutius
997 356 1230 387 commeatus
1244 362 1401 401 suppor-

265 406 335 442 tari
357 415 496 456 posset.

314 466 444 504 XXII.
499 467 554 504 M.
575 468 673 505 Cato
694 467 858 513 interim,
879 469 943 519 qui
964 469 1102 507 Uticae
1120 478 1309 519 praeerat,
1330 470 1401 508 Cn.

264 527 486 578 Pompeium
506 528 624 565 filium
641 529 768 566 multis
783 529 920 574 verbis,
939 530 1178 580 assidueque,
1198 531 1401 580 objurgare

261 601 337 626 non
358 589 577 627 desistebat.
633 595 658 612 “
679 590 831 634 Tuus‚''
862 590 998 639 inquit,
1027 595 1052 612 “
1074 598 1194 640 pater,
1223 590 1320 628 istuc
1338 603 1401 628 ae-

262 653 289 671 “
315 649 402 686 tatis
422 663 536 700 quum
562 657 676 696 esset,
704 659 742 688 et
770 650 1100 687 animadvertisset
1123 650 1397 700 rempublicam

261 714 288 732 “
315 710 362 746 ab
381 710 588 748 audaeibus
607 711 877 761 sceleratisque
905 711 1048 747 civibus
1068 723 1298 761 oppressam,
1332 711 1398 748 bo-

261 775 288 793 “
314 783 475 820 nosque,
493 778 559 808 aut
578 771 812 815 interfectos,
833 779 897 808 aut
913 772 1047 808 exsilio
1068 772 1259 816 multatos,
1278 771 1400 822 patria

259 836 285 852 “
313 830 545 881 civitateque
565 844 695 869 carere
712 847 720 874 ;
746 832 865 880 gloria
886 840 923 868 et
942 832 1056 868 animi
1076 832 1338 881 magnitudine
1359 846 1397 870 e-

259 896 285 915 “
312 892 423 937 latus,
456 893 623 942 privatus
643 899 757 942 atque
777 892 1096 936 adolescentum&
1116 893 1266 942 paterni
1283 905 1394 930 exer-

257 957 283 974 “
312 952 410 989 citus
437 952 606 1003 reliquiis
635 952 820 998 collectis,
849 965 970 1003 paene
991 965 1208 1003 oppressam
1226 952 1397 990 funditus

257 1017 283 1034 ‘⁴
311 1021 350 1050 et
369 1013 547 1059 deletam,
568 1013 714 1051 Italiam
737 1014 943 1063 urbemque
961 1013 1169 1050 Romanam
1187 1013 1224 1049 in
1243 1012 1398 1050 liberta-

256 1077 282 1094 “
310 1079 387 1109 tem
406 1072 634 1111 vindicavit:
661 1073 837 1123 idemque
854 1073 1034 1117 Siciliam,
1057 1071 1243 1117 Africam,
1264 1071 1398 1109 Numi-

257 1137 283 1154 “
310 1132 425 1178 diam,
447 1133 730 1179 Mauritaniam,
759 1133 919 1170 mirabili
938 1133 1134 1170 celeritate
1154 1132 1265 1168 armis
1292 1144 1398 1170 rece-

257 1196 282 1214 “
310 1193 378 1242 pit.
417 1193 564 1235 Quibus
579 1208 626 1232 ex
643 1195 756 1231 rebus
775 1194 844 1231 sibi
861 1207 942 1231 eam
963 1193 1202 1242 dignitatem,
1223 1204 1321 1242 quae
1337 1198 1394 1230 est

254 1257 281 1275 “
308 1266 376 1303 per
388 1261 526 1303 gentes
540 1255 745 1292 clarissima
760 1254 1043 1304 notissimaque,
1059 1252 1289 1298 conciliavit,
1306 1252 1398 1290 ado-

253 1317 279 1336 “
305 1313 629 1365 lescentulusque,
645 1322 760 1365 atque
776 1328 891 1365 eques
908 1314 1118 1358 Romanus,
1134 1312 1394 1364 triumphavit.

255 1378 281 1396 ‘⁶
309 1375 442 1425 Atque
455 1374 530 1419 ille,
551 1375 694 1412 nonita
709 1375 841 1426 amplis
860 1375 972 1412 rebus
988 1374 1104 1425 patris
1119 1374 1250 1423 gestis,
1269 1386 1395 1424 neque

253 1438 279 1456 “
306 1441 383 1472 tam
399 1435 604 1472 excellenti
625 1437 808 1484 majorum
826 1435 1011 1485 dignitate
1027 1442 1148 1485 parta,
1168 1447 1293 1486 neque
1311 1442 1395 1472 tan-

252 1499 279 1518 “
307 1495 356 1532 tis
369 1495 554 1533 clientelis
571 1496 809 1547 nominisque
828 1496 1001 1534 claritate
1014 1496 1221 1547 praeditus,
1236 1496 1273 1532 in
1295 1509 1391 1534 rem·

252 1559 278 1576 “
306 1556 496 1605 publicam
524 1563 582 1593 est
600 1556 803 1606 ingressus.
870 1556 944 1602 Tu,
964 1547 1110 1601 contra,
1130 1564 1168 1594 et
1187 1556 1304 1607 patris
1319 1569 1387 1594 no·

250 1620 279 1638 “
305 1617 452 1654 bilitate
467 1624 506 1654 et
525 1617 724 1667 dignitate,
744 1624 783 1654 et
801 1630 869 1668 per
884 1625 922 1655 te
941 1618 1021 1668 ipse
1041 1617 1130 1654 satis
1149 1617 1265 1654 animi
1283 1629 1388 1668 mag-

251 1681 276 1699 “
305 1677 476 1714 nitudine
497 1677 770 1729 diligentiaque
790 1678 998 1728 praeditus,
1018 1690 1145 1715 nonne
1160 1678 1329 1723 eniteris,
1349 1684 1391 1715 et

251 1741 276 1760 ‘⁶
304 1738 558 1788 proficisceris
584 1739 633 1775 ad
659 1746 836 1788 paternas
865 1739 1075 1784 clientelas,
1104 1738 1288 1776 auxilium
1308 1737 1394 1783 tibi,

250 1801 276 1819 ‘⁴
303 1797 434 1847 reique
446 1797 759 1848 publicae,atque
773 1799 916 1848 optimo
930 1799 1080 1849 cuique,
1090 1798 1334 1848 efflagitatum
1344 1799 1391 1835 ?''

301 1858 452 1896 XXIII.
513 1857 585 1895 His
613 1858 737 1895 verbis
768 1859 930 1896 hominis
956 1858 1167 1909 gravissimi
1197 1858 1392 1904 incitatuS,

248 1917 556 1955 adolescentulus
590 1930 676 1955 cum
708 1918 891 1956 naviculis
921 1918 1212 1969 cujusquemodi
1237 1918 1392 1969 generis

249 1990 345 2023 xxx,
373 1978 463 2014 inibi
483 1979 613 2029 paucis
642 1979 825 2024 rostratis,
857 1979 1053 2029 profectus
1073 1979 1119 2016 ab
1141 1978 1257 2017 Utica
1274 1986 1333 2016 est
1352 1978 1391 2015 in

250 2038 537 2085 Mauritaniam,
558 2052 794 2090 regnumque
815 2040 983 2089 Bogudis
1003 2047 1061 2077 est
1080 2039 1296 2090 ingressus:
1323 2052 1390 2078 ex-

250 2099 458 2149 peditoque
478 2100 666 2145 exercitu,
696 2113 854 2138 numero
873 2113 1080 2146 servorum,
1110 2101 1330 2146 liberorum,
1352 2113 1386 2138 11

249 2159 419 2205 millium,
439 2162 548 2209 eujus
568 2168 712 2211 partem
733 2161 929 2205 inermem,
948 2169 1093 2211 partem
1116 2168 1298 2198 armatam
1319 2161 1389 2198 ha-

248 2220 397 2266 buerat,
412 2221 459 2257 ad
479 2221 659 2271 oppidum
675 2222 864 2259 Ascurum
884 2222 1068 2260 accedere
1089 2222 1238 2272 coepit:
1259 2222 1295 2258 in
1312 2235 1388 2272 quo

247 2279 388 2330 oppido
406 2281 634 2331 praesidium
650 2280 722 2319 fuit
741 2281 900 2332 regium.
938 2282 1122 2334 Pompeio
1141 2282 1383 2329 adveniente,
