1472 2664
307 287 380 325 DE
410 287 588 324 BELLO
618 287 778 325 ALEX.
807 287 984 326 LIBER.
1143 289 1211 329 161

77 391 201 442 tisque
214 391 387 435 haberet,
403 390 600 440 cognitum
615 398 729 436 esset,
750 390 958 428 Marcellus
974 398 1098 429 castra
1119 392 1215 430 Bae·

77 451 144 488 tim
163 451 355 496 transfert,
384 451 596 501 crebroque
629 459 790 502 uterque
822 452 994 501 legiones
1026 452 1062 488 in
1093 453 1215 490 aciem

75 511 232 554 educit;
268 523 394 561 neque
428 519 554 548 tamen
584 511 817 562 confligitur,
855 520 1011 563 propter
1042 511 1215 550 locorum

74 569 328 609 difficultates.

123 631 230 669 LXI.
284 631 377 669 Erat
397 632 516 682 copiis
548 632 788 683 pedestribus
807 633 928 669 multo
946 632 1089 670 firmior
1108 633 1214 670 Mar·

71 694 213 732 cellas:
252 693 418 731 habebat
450 693 551 730 enim
583 701 798 739 veteranas,
826 693 1031 743 multisque
1061 694 1215 744 proeliis

72 762 264 806 expertas,
284 755 466 805 legiones.
521 754 674 791 Cassius
691 754 782 791 fidei
797 754 930 804 magis,
951 767 1063 805 quam
1083 755 1215 793 virtuti

70 815 280 865 legionum,
312 815 542 853 confidebat.
597 815 746 867 ltaque,
781 829 897 866 quum
931 823 1057 852 casti-a
1081 816 1214 853 castris

69 876 210 914 collata
228 884 369 921 essent,
402 883 441 913 et
462 875 671 912 Marcellus
699 875 826 913 locum
855 875 1038 912 idoneum
1057 876 1214 914 castello

67 937 247 988 cepisset,
276 950 352 988 quo
371 937 574 988 prohibere
595 949 693 987 aqua
712 937 915 974 Cassianos
935 944 1064 987 posset
1081 951 1089 974 :
1109 937 1214 975 Lon-

67 999 192 1049 ginus,
221 998 377 1043 veritus,
404 1010 452 1034 ne
469 1010 612 1047 genere
633 998 797 1048 quodam
818 998 1026 1036 obsidionis
1058 998 1212 1036 claude-

66 1066 173 1096 retur
192 1058 229 1095 in
249 1058 469 1109 regionibus
488 1058 636 1104 alienis,
670 1059 818 1109 sibique
838 1059 1000 1105 infestis,
1025 1067 1144 1097 noctu
1163 1059 1213 1096 si-

68 1118 186 1157 lentio
199 1129 250 1156 ex
269 1118 404 1155 castris
423 1118 691 1169 proficiscitur,
713 1119 907 1169 celerique
927 1119 1062 1157 itinere
1083 1120 1212 1158 Uliam

69 1179 292 1220 contendit;
319 1179 424 1229 quod
455 1179 526 1216 sibi
544 1179 658 1217 fidele
687 1191 770 1217 esse
801 1180 985 1230 oppidum
1014 1179 1212 1218 credebat.

65 1240 125 1278 Ibi
144 1240 244 1278 adeo
264 1241 472 1289 conjuncta
499 1241 609 1290 ponit
629 1241 827 1278 moenibus
846 1248 986 1286 castra,
1018 1248 1061 1278 ut
1078 1248 1117 1279 et
1135 1240 1211 1279 loci

65 1309 215 1348 natura,
239 1302 426 1353 (namque
448 1300 536 1338 Ulia
555 1301 593 1337 in
613 1301 719 1338 edito
738 1309 868 1339 monte
899 1302 1026 1352 posita
1057 1302 1136 1353 est)
1170 1309 1211 1339 et

64 1363 147 1414 ipsa
163 1362 378 1399 munitione
398 1361 515 1407 urbis,
541 1361 709 1412 undique
728 1363 775 1400 ab
793 1362 1084 1413 oppugnatione
1102 1370 1208 1400 tutus

65 1430 179 1462 esset.
235 1422 353 1460 Hunc
382 1422 594 1460 Marcellus
612 1422 839 1473 insequitur,
871 1430 924 1468 et,
945 1433 1059 1473 quam
1078 1423 1209 1473 proxi-

65 1496 126 1522 me
144 1490 273 1535 potest
294 1482 436 1529 Uliam,
456 1489 581 1520 castra
600 1483 734 1520 castris
754 1483 925 1521 confert:
958 1484 1210 1535 locorumque

65 1544 222 1595 cognita
241 1551 390 1590 natura,
422 1555 500 1594 quo
522 1544 688 1581 maxime
718 1556 799 1581 rem
817 1544 1011 1582 deducere
1040 1545 1208 1591 volebat,

64 1604 294 1643 necessitate
313 1611 371 1641 est
389 1604 593 1649 adductus,
614 1611 654 1641 ut
670 1617 797 1655 neque
809 1605 1051 1656 confligeret,
1075 1606 1208 1657 (cujus

62 1665 93 1702 si
121 1664 176 1702 rei
195 1663 357 1702 facultas
376 1671 490 1709 esset,
520 1663 700 1701 resistere
730 1665 897 1702 incitatis
928 1665 1111 1703 militibus
1130 1679 1207 1704 non

63 1725 238 1776 poterat)
269 1735 397 1776 neque
425 1724 555 1774 vagari
586 1725 758 1762 Cassium
776 1725 889 1763 latius
916 1733 1126 1776 pateretur,
1158 1738 1209 1765 ne

63 1785 194 1836 plures
217 1785 393 1823 civitates
412 1797 459 1822 ea
486 1792 722 1835 paterentur,
750 1798 849 1835 quae
867 1786 967 1836 passi
987 1795 1096 1824 erant
1112 1787 1209 1825 Cor-

64 1846 267 1884 dubenses.
306 1845 482 1884 Castellis
502 1845 648 1883 idoneis
665 1846 760 1883 locis
779 1845 990 1891 collocatis,
1010 1847 1208 1896 operibus-

63 1919 137 1958 que
156 1907 195 1944 in
213 1906 379 1945 circuitu
398 1906 527 1957 oppidi
547 1906 793 1952 continuatis,
810 1906 937 1944 Uliam
953 1906 1206 1958 Cassiumque

65 1967 340 2006 munitionibus
359 1967 507 2004 clausit.
545 1968 655 2008 Quae
673 1967 895 2018 priusquam
914 1967 1208 2016 perficerentur,

64 2028 264 2079 Longinus
275 2039 429 2066 omnem
448 2041 559 2066 suum
572 2028 784 2078 equitatum
798 2027 945 2065 emisit:
965 2040 1080 2078 quem
1099 2042 1207 2080 mag-

65 2101 117 2127 no
130 2088 202 2126 sibi
223 2089 306 2127 usui
333 2089 416 2127 fore
435 2089 632 2136 credebat,
665 2088 695 2126 si
714 2089 886 2139 pabulari
904 2087 1207 2141 frumentarique

64 2147 295 2188 Marcellum
313 2161 394 2188 non
413 2156 633 2201 pateretur;
651 2161 792 2201 magno
811 2157 938 2188 autem
958 2150 1208 2201 impedimen-

65 2216 121 2256 to,
149 2210 181 2248 si
199 2209 351 2248 clausus
370 2210 583 2257 obsidione,
603 2218 644 2249 et
660 2211 819 2258 inutilis,
837 2212 1093 2250 necessarium
1113 2225 1206 2250 con·

67 2278 234 2309 sumeret
249 2271 496 2310 frumentum.

116 2331 245 2371 LXII.
297 2332 437 2372 Paucis
455 2333 589 2372 diebus
621 2333 744 2372 Cassii
774 2333 895 2373 literis
925 2334 1106 2385 acceptis,
1139 2346 1208 2372 rex

145 2392 254 2431 Tou.
279 2392 333 2431 11.
652 2394 689 2431 X
