1472 2664
246 284 588 334 OPPIDORUM,
617 276 960 325 FLUVIORUM,
986 275 1051 324 &a
1144 269 1223 311 269

95 398 230 443 Marsi,
248 395 411 448 populus
430 391 576 430 Italiae.
610 389 760 427 Ducato
778 384 824 421 de
842 380 982 420 Marsi.

96 458 280 503 Massilia,
300 456 389 493 urbs
407 453 568 490 Galliae.
615 443 823 486 Marseille.

97 520 280 564 Matisco,
299 516 388 554 urbs
407 513 568 551 Galliae.
605 508 756 547 Meteon.

98 582 293 624 Matrona,
312 576 449 614 fluvius
469 572 629 610 Galliae.
664 568 700 605 la
723 566 873 604 Marne.

99 639 344 683 Mauritania,
363 635 468 685 regio
490 630 657 669 Africae.
701 622 901 663 Barbarie.

100 702 276 744 Mazaca,
304 698 394 735 urbs
414 690 695 744 Cappadociae.
736 685 772 722 T
772 682 901 722 isaria.

100 758 426 800 Mediomatrices.
458 767 546 792 ceux
564 751 608 787 de
624 749 727 786 Metz
746 759 790 783 en
810 740 1009 782 Lorraine.

101 821 355 870 Medobrega,
375 817 463 853 urbs
482 809 714 851 Lusitaniae.
753 806 956 843 Armemza.

104 882 271 921 Meldae.
301 891 390 916 ceux
419 877 463 913 de
485 875 638 912 Meaux.
683 867 756 906 Sed
783 864 944 903 creditur
966 866 1176 910 corruptum
1196 864 1240 893 ex

206 940 362 989 Belgae.

107 1002 374 1044 Melodunum,
394 995 576 1047 oppidum
596 988 759 1034 Galliae,
779 997 892 1036 supra
909 980 1118 1020 Lutetiam.
1156 977 1243 1015 Me-

210 1061 285 1098 lun.

110 1121 298 1171 Menapii,
330 1116 491 1169 populus
521 1109 766 1154 Germaniae,
795 1107 835 1143 in
861 1116 927 1143 ora
945 1099 1145 1140 Flandriae
1164 1107 1244 1134 ma-

213 1181 350 1219 ritima.
387 1179 589 1214 incertum.

111 1244 305 1285 Messana,
326 1239 414 1276 urbs
435 1235 601 1274 Siciliae.
639 1227 818 1268 ZWessina.

114 1301 387 1345 Metiosedum,
419 1295 599 1348 oppidum
628 1290 776 1329 Galliae
805 1286 854 1324 ad
885 1283 1116 1334 Sequanam,
1148 1277 1250 1315 infra

215 1360 422 1400 Lutetiam.
462 1352 618 1394 Corbeil.

115 1421 360 1473 Metropolis,
403 1418 490 1454 urbs
532 1411 767 1455 Thessaliae,
808 1408 907 1444 inter
949 1400 1173 1440 Pharsalum
1212 1403 1251 1434 et

218 1480 430 1531 Gomphos.
848 1477 852 1480 ·

118 1545 325 1596 Mitylena,
345 1541 433 1578 urbs
452 1536 568 1574 Lesbi
588 1532 746 1570 insulae.
784 1525 956 1566 Metelin.

119 1606 256 1650 Mona,
275 1601 409 1640 insula.
447 1598 556 1636 ,Mem-
584 1595 630 1632 al.
651 1590 848 1643 Anglesey,
867 1587 991 1624 minus
1010 1588 1130 1620 recte.

120 1665 281 1710 Morini,
310 1660 473 1713 populus
491 1655 654 1694 Galliae.
689 1665 777 1690 ceux
795 1650 840 1687 de
864 1648 1102 1686 Terrouanne
1120 1654 1164 1679 en
1184 1639 1259 1677 Ar·

226 1724 307 1762 tois.

124 1787 252 1831 Mosa,
271 1782 407 1821 fluvius
427 1778 574 1816 Galliae
593 1773 788 1823 Belgicae.
824 1769 861 1806 Ia
883 1768 1027 1806 Meuse.

127 1846 291 1889 Munda,
311 1843 399 1880 urbs
418 1838 638 1889 Hispaniae.
686 1831 842 1871 Monda.
869 1830 916 1867 al.
945 1825 1078 1865 Ronda
1097 1823 1134 1861 la
1165 1823 1262 1873 qua.

130 1966 333 2010 Nabataei,
352 1961 515 2015 populus
538 1956 714 1995 Arabiae.

132 2030 344 2070 Nannetes,
364 2022 529 2074 populus
549 2017 710 2056 Galliae.
745 2026 833 2051 ceux
851 2012 896 2048 de
915 2010 1072 2047 Names.

133 2090 362 2129 Nantuates,
382 2081 544 2133 populus
563 2076 726 2115 Galliae.
765 2074 965 2110 incertum.

134 2149 280 2192 Narbo,
301 2146 390 2183 urbs
409 2141 569 2180 Galliae.
609 2136 821 2175 Narbonae.

137 2210 375 2258 Naupactus,
396 2204 485 2240 urbs
506 2199 694 2238 Aetoliae.
734 2197 915 2247 Lepanto.

138 2268 334 2319 NeapoliS,
355 2265 443 2302 urbs
462 2261 606 2300 ltaliae.
643 2255 794 2308 Napoli.

140 2328 337 2380 NeapoliS‚
353 2326 444 2363 urbs
457 2321 628 2367 Africae,
642 2319 741 2356 inter
756 2317 942 2366 Clupeam
955 2319 994 2350 et
1007 2309 1276 2348 Adrumetum.
