1472 2664
474 267 638 304 LIBER
689 267 763 304 111.
1123 270 1199 306 119

62 383 158 416 rem,
188 370 296 420 isque
314 369 479 407 maxime
498 369 613 407 vellet
632 382 700 420 pro
719 368 912 407 communi
930 369 1054 406 amico
1080 376 1197 419 atque

63 431 204 468 arbitro
224 431 500 468 controversias
517 443 653 480 regum
665 441 919 480 componere;
937 429 1064 466 subito
1083 441 1194 466 exer·

61 490 160 528 citus
176 491 318 540 regiUS,
347 491 615 541 equitatusque
633 490 754 527 omnis
771 489 900 527 venire
919 490 1195 527 Alexandriam

59 551 275 588 nunciatur.
319 551 491 589 Caesaris
512 550 645 600 copiae
663 563 903 600 nequaquam
921 557 1031 587 erant
1050 557 1194 594 tantae,

61 616 103 646 ut
130 609 183 646 eis
203 616 314 646 extra
332 610 527 660 oppidum,
555 610 585 646 si
605 618 703 647 esset
721 609 994 654 dimicandum,
1021 609 1191 646 confide-

60 676 129 706 ret.
184 669 499 719 Relinquebatur,
533 677 576 706 ut
593 682 634 707 se
653 669 729 706 suis
748 669 843 706 locis
868 669 1011 719 oppido
1030 676 1196 713 teneret,

59 730 335 780 consiliumque
369 730 545 768 Achillae
574 737 837 780 cognosceret.
891 729 1040 766 Milites
1065 737 1195 767 tamen

60 803 189 828 omnes
221 791 259 827 in
278 791 391 828 armis
409 803 492 829 esse
517 791 652 840 jussit:
680 802 887 840 regemque
920 789 1093 826 hortatus
1121 796 1194 834 est,

58 860 100 889 ut
115 865 164 889 ex
183 852 260 889 suis
278 852 514 897 necessariis,
535 865 630 902 quos
648 851 807 888 haberet
825 850 1014 887 maximae
1027 850 1196 887 auctori-

59 913 161 959 tatis,
181 913 328 963 legatos
343 913 392 950 ad
407 913 586 950 Achillan
605 913 787 956 mitteret,
805 919 858 957 ct,
879 911 971 961 quid
986 918 1085 948 esset
1103 923 1195 948 suae

58 974 277 1020 voluntatis,
313 974 545 1010 ostenderet.
600 975 636 1010 A
656 986 732 1023 quo
750 972 853 1010 missi
880 972 1127 1010 Dioscorides
1154 982 1195 1009 et

61 1032 262 1083 Serapion,
282 1033 346 1083 qui
364 1033 478 1069 ambo
498 1032 614 1082 legati
635 1033 781 1069 Romae
806 1031 973 1076 fuerant,
1000 1044 1194 1082 magnam-

60 1106 135 1143 que
162 1093 263 1144 apud
290 1101 436 1144 patrem
462 1093 723 1131 Ptolemaeum
755 1092 1024 1130 auctoritatem
1052 1092 1195 1129 habue-

59 1160 158 1199 rant,
188 1154 236 1191 atl
257 1154 436 1191 Achillan
466 1162 734 1204 pervenerunt.
787 1155 894 1195 Quos
912 1153 990 1198 ille,
1018 1166 1135 1203 quum
1154 1152 1194 1190 in

58 1222 308 1265 conspectum
328 1217 410 1265 ejus
435 1216 641 1260 venissent,
660 1215 777 1265 prius,
796 1227 911 1265 quam
929 1213 1092 1258 audiret,
1111 1221 1193 1259 aut,

58 1277 167 1325 cujus
187 1276 240 1313 rei
259 1288 391 1313 caussa
409 1276 512 1312 missi
532 1284 671 1321 esseut,
690 1281 956 1324 cognosceret,
975 1272 1116 1323 corripi
1135 1281 1193 1310 at-

58 1347 133 1385 que
164 1334 327 1371 interfici
350 1335 486 1384 jussit:
518 1348 676 1385 quorum
708 1336 818 1380 alter,
848 1341 1011 1384 accepto
1037 1333 1194 1371 vulnere

58 1403 281 1445 occupatus,
309 1408 377 1445 per
395 1408 481 1432 suos
509 1408 577 1446 pro
597 1396 724 1432 occiso
742 1395 935 1437 sublatus
961 1393 1059 1431 alter
1077 1393 1193 1430 inter·

55 1455 180 1493 fectus
199 1463 268 1493 est.
323 1458 408 1498 Quo
428 1456 545 1501 facto,
565 1469 691 1506 regem
714 1464 754 1492 ut
774 1456 811 1492 in
830 1468 898 1492 sua
918 1462 1107 1505 potestate
1125 1455 1193 1492 ha·

56 1517 179 1562 beret,
207 1517 348 1554 Caesar
377 1517 516 1563 effecit,
544 1529 794 1567 magnamque
825 1517 973 1566 regium
993 1529 1131 1553 nomen
1151 1530 1192 1553 a·

58 1578 136 1628 pud
154 1590 241 1615 suos
260 1578 527 1615 auctoritatem
543 1578 684 1615 habere
699 1577 932 1622 existimans,
947 1586 987 1614 et
1007 1584 1048 1614 ut
1066 1577 1192 1627 potius

55 1638 202 1688 privato
235 1651 443 1688 paucorum
463 1647 501 1676 et
519 1639 722 1684 latronum,
751 1651 864 1688 quam
893 1637 999 1688 regio
1017 1638 1191 1683 consilio,

55 1705 275 1748 susceptum
293 1697 435 1734 bellum
451 1698 655 1735 videretur.

111 1758 195 1796 CX.
240 1757 360 1795 Erant
376 1772 461 1796 cum
481 1758 633 1796 Achilla
651 1759 797 1809 copiae,
818 1766 859 1796 ut
878 1772 1002 1809 neque
1017 1771 1191 1805 numero,

57 1831 182 1869 neque
201 1831 343 1869 genere
362 1819 571 1865 hominum,
591 1832 715 1870 neque
735 1832 804 1856 usu
822 1819 877 1856 rei
891 1820 1075 1865 militaris,
1101 1832 1191 1857 con-

55 1879 284 1917 temnendae
303 1879 545 1917 viderentur:
565 1880 681 1917 millia
694 1880 794 1917 enim
814 1893 868 1917 xx
886 1879 925 1916 in
944 1880 1059 1917 armis
1077 1880 1192 1917 habe-

57 1941 134 1977 bat.
189 1939 275 1976 llae
306 1940 532 1977 constabant
564 1954 612 1977 ex
643 1940 866 1977 Gabinianis
898 1940 1095 1986 militibus,
1127 1941 1192 1990 qui

52 2003 131 2051 jam
146 2001 184 2037 in
204 2000 519 2038 cousuetudinem
537 2001 821 2038 Alexandrinae
838 2001 937 2038 vitae
951 2013 997 2038 ac
1011 2000 1189 2038 licentiae

55 2069 250 2106 venerant,
263 2069 301 2098 et
320 2074 458 2098 nomen
477 2061 789 2111 disciplinamque
802 2061 934 2112 populi
950 2061 1111 2098 Romani
1124 2061 1190 2099 de-

56 2123 283 2167 didicerant,
314 2135 530 2173 uxoresque
549 2122 752 2166 duxerant,
781 2134 831 2159 ex
850 2122 986 2172 quihus
1016 2121 1188 2172 plerique

55 2183 195 2221 liberos
213 2183 417 2220 habebant.
471 2182 562 2219 Huc
580 2183 818 2221 accedebant
835 2183 987 2222 collecti
1006 2195 1055 2220 ex
1082 2196 1192 2233 prae-

57 2244 217 2282 donibus
232 2244 517 2294 latronibusque
539 2243 684 2294 Syriae,
705 2244 939 2294 Ciliciaeque
959 2243 1190 2294 provinciae,

55 2303 374 2354 finitimarumque
405 2304 615 2354 regionum.
668 2304 787 2342 Multi
813 2311 1026 2356 praeterea,
1056 2302 1192 2354 capitis
