1472 2664
240 261 289 300 ΤΟ
553 258 628 297 DE
666 258 845 297 BELLO
887 258 1054 297 CIVILI

236 362 414 413 praesidii
435 362 472 398 in
493 362 608 399 animi
628 363 877 400 firmitudine.
933 363 1095 400 Tirones
1114 362 1231 408 enim,
1258 363 1385 401 multi-

233 423 367 461 tudine
388 423 539 460 navium
561 423 767 473 perterriti,
800 432 839 461 et
857 424 937 461 salo
958 436 1176 474 nauseaque
1196 424 1380 470 consecti,

228 485 480 533 jurejurando
510 492 672 534 accepto
692 485 784 521 nihil
806 485 849 522 iis
869 485 1065 522 nocituros
1086 486 1228 530 hostes,
1264 498 1304 522 se
1325 484 1379 522 0-

233 545 362 581 tacilio
382 544 629 582 dediderunt:
652 546 716 595 qui
732 559 878 591 omnes,
898 547 946 583 ad
966 559 1051 582 eum
1072 546 1266 595 producti,
1286 558 1382 583 con-

231 614 291 643 tra
311 606 533 656 religionem
561 607 809 656 jurisjurandi
831 608 867 643 in
899 608 981 657 ejus
1002 614 1214 657 conspectu
1241 606 1380 644 crude-

235 667 376 704 lissime
397 668 691 705 interficiuntur.
747 669 802 705 At
821 675 1023 705 veteranae
1042 668 1204 718 legionis
1223 669 1377 714 milites,

231 729 324 765 item
346 729 555 766 conflictati
576 737 616 766 et
644 730 880 779 tempestatis
901 737 939 766 et
968 730 1140 767 sentinae
1167 730 1280 776 vitiis,
1309 742 1377 767 ne-

231 802 306 840 que
326 803 375 826 ex
395 790 553 840 pristina
572 790 713 826 virtute
745 789 1016 827 remittendum
1044 790 1189 840 aliquid
1216 798 1375 841 putave-

229 858 337 893 runt;
357 851 438 897 sed,
458 850 669 888 tractandis
683 850 981 895 conditionibus,
1002 858 1039 887 et
1054 850 1295 888 simulatione
1309 851 1380 888 de·

230 911 398 957 ditionis,
432 919 610 949 extracto
630 911 752 961 primo
781 911 905 948 noctis
925 918 1112 961 tempore,
1145 912 1378 961 gubernato-

228 985 308 1010 rem
329 973 366 1010 in
388 980 527 1010 terram
548 985 684 1009 navem
705 972 845 1021 ejicere
875 980 1044 1021 cogunt:
1079 972 1162 1023 ipsi,
1197 972 1378 1010 idoneum

227 1034 355 1071 locum
375 1034 491 1079 nacti,
518 1034 702 1084 reliquam
723 1033 848 1070 noctis
868 1042 1014 1083 partem
1036 1033 1087 1070 ibi
1107 1033 1376 1081 confecerunt,

229 1102 268 1132 et
287 1095 374 1132 luce
393 1095 527 1144 prima,
548 1095 670 1132 missis
689 1094 737 1131 ad
752 1107 818 1131 eos
834 1094 881 1131 ab
898 1094 1066 1131 Otacilio
1085 1093 1291 1144 equitibus,
1311 1096 1374 1146 qui

227 1169 311 1193 eam
332 1165 479 1207 partem
500 1169 589 1194 orae
609 1155 820 1192 maritimae
840 1154 1099 1200 asservabant,
1128 1155 1286 1193 circiter
1306 1168 1375 1202 cn,

228 1218 371 1268 quique
392 1230 456 1254 eos
475 1218 611 1255 armati
631 1230 680 1254 ex
701 1216 890 1267 praesidio
919 1216 1041 1253 secuti
1060 1223 1162 1260 sunt,
1182 1228 1222 1253 se
1242 1216 1376 1255 defen-

227 1278 387 1320 derunt;
416 1285 468 1322 et,
488 1277 681 1314 nonnullis
701 1290 833 1314 eorum
853 1276 1080 1322 interfectis,
1101 1276 1313 1315 incolumes
1332 1291 1373 1316 se

227 1337 275 1376 ad
304 1347 452 1376 nostros
473 1345 718 1388 receperunt.

278 1399 426 1435 XXIX.
473 1401 561 1442 Quo
575 1399 693 1445 facto,
714 1405 926 1436 conventus
943 1397 1082 1435 civium
1099 1397 1376 1445 Romanorum,

227 1461 293 1511 qui
312 1461 465 1498 Lissum
485 1460 726 1505 obtinebant,
753 1459 857 1509 quod
876 1458 1058 1509 oppidum
1079 1459 1123 1496 iis
1141 1467 1255 1498 antea
1275 1461 1373 1498 Cae-

226 1536 287 1561 sar
305 1523 547 1568 attribuerat,
567 1521 896 1571 muniendumque
916 1527 1129 1566 curaverat,
1159 1521 1376 1559 AntonIum

226 1584 389 1635 recepit,
421 1584 675 1633 omnibusque
707 1583 820 1620 rebus
836 1581 947 1631 juvit.
989 1580 1192 1628 Otacilius,
1225 1583 1296 1620 sibi
1330 1583 1376 1620 ti-

228 1658 349 1690 mens,
370 1645 511 1695 oppido
531 1644 645 1694 sugit,
665 1651 703 1681 et
738 1643 786 1681 ad
806 1642 1032 1692 Pompeium
1061 1642 1247 1693 pervenit.
1313 1642 1375 1680 Ex

229 1705 404 1743 omnibus
425 1706 545 1755 copiis
569 1704 776 1749 Antonius,
797 1716 955 1754 quarum
989 1710 1069 1740 erat
1097 1716 1243 1740 summa
1267 1712 1374 1751 vete-

229 1778 405 1804 ranarum
428 1778 478 1802 111
501 1765 710 1816 legionum,
730 1764 919 1814 uniusque
938 1764 1118 1809 tironum,
1144 1771 1182 1802 et
1202 1765 1372 1815 equiturn

229 1839 347 1874 nccc,
367 1828 571 1878 plerasque
590 1838 705 1863 naves
726 1825 763 1862 in
784 1825 933 1862 Italiam
947 1824 1122 1870 remittit,
1143 1825 1191 1862 ad
1206 1825 1373 1876 reliquos

228 1889 369 1926 milites
401 1888 625 1939 equitesque
658 1885 994 1936 transportandos:
1034 1893 1236 1936 pontones,
1269 1887 1374 1937 quod

227 1956 285 1985 est
313 1961 435 1999 genus
465 1948 618 1985 navium
651 1946 902 1990 Gallicarum,
930 1945 1029 1982 Lissi
1063 1945 1256 1996 relinquit,
1298 1947 1373 1984 hoc

227 2009 401 2054 consilio,
424 2017 478 2054 ut,
498 2008 529 2045 si
548 2008 648 2045 forte
669 2007 889 2057 Pompeius,
908 2018 1067 2043 vacuam
1087 2006 1310 2044 existimans
1335 2007 1373 2043 1-

223 2069 367 2114 taliam,
388 2082 434 2106 eo
453 2068 668 2119 trajecisset
688 2067 918 2111 exercitum,
950 2077 1047 2116 quae
1067 2066 1197 2116 opinio
1216 2074 1299 2104 erat
1328 2079 1369 2104 e-

227 2131 308 2167 dita
329 2131 366 2166 in
386 2130 537 2179 vulgus,
556 2129 721 2179 aliquam
737 2129 878 2166 Caesar
897 2127 944 2164 ad
961 2127 1238 2176 insequendum
1253 2127 1372 2164 facul-

225 2198 344 2228 tatem
374 2190 551 2232 haberem
585 2189 822 2239 nunciosque
849 2188 896 2225 ad
923 2201 1010 2225 eum
1030 2187 1207 2224 celeriter
1236 2187 1370 2234 mittit,

226 2252 363 2303 quibus
383 2251 603 2300 regionibus
625 2250 841 2288 exercitum
860 2249 1115 2301 exposuisset,
1135 2256 1175 2286 et
1189 2248 1282 2300 quid
1301 2249 1370 2285 mi-

224 2313 336 2350 litum
365 2312 653 2350 transvexisset.
