1472 2664
320 268 394 307 DE
422 268 600 307 BELLO
628 269 789 308 ALEX.
815 270 994 309 LIBER.
1149 276 1223 313 133

92 379 167 418 set,
186 383 311 422 neque
329 371 421 410 flexi
439 372 488 410 ad
506 373 686 411 virtutem
705 386 755 411 ex
768 381 876 412 tanta
893 374 1136 413 multitudine
1154 375 1225 413 viri

91 432 222 470 virtuti
251 441 464 471 nostrorum
493 441 650 484 possent
679 435 896 485 adaequari.
963 435 1122 486 Capitur
1148 437 1224 474 hoc

87 493 234 542 proelio
261 493 543 543 quinqueremis
562 507 639 531 una
656 501 695 532 et
713 495 866 532 biremis
895 509 981 533 cum
1012 496 1222 534 defensori-

89 553 161 589 bus
180 553 477 605 remigibusque,
504 562 544 592 et
563 555 832 605 deprimuntur
850 563 941 601 tres,
961 557 1099 593 nostris
1119 557 1224 594 inco-

88 612 254 650 lumibus
269 614 442 651 omnibus
457 628 467 650 :
494 614 663 665 reliquae
678 616 931 666 propinquam
949 616 1078 666 fugam
1094 618 1142 655 ad
1157 631 1223 668 op-

89 673 220 724 pidum
246 674 425 723 capiunt;
461 687 554 725 quas
580 683 834 725 protexerunt
860 690 908 714 ex
927 677 1089 714 molibus
1107 685 1222 728 atque

89 733 272 771 aedificiis
297 733 593 781 imminentibus,
622 744 661 773 et
674 744 823 774 nostros
841 737 945 774 adire
965 738 1118 788 propius
1136 751 1222 788 pro-

84 794 304 832 hibuerunt.

132 855 261 892 XVII.
315 855 404 893 Hoc
422 869 471 893 ne
490 856 561 894 sibi
579 857 729 907 saepius
748 857 926 895 accidere
944 865 1089 908 posset,
1115 858 1219 895 omni

82 917 229 954 ratione
242 917 382 954 Caesar
394 917 703 954 contendendum
718 918 962 963 existimavit,
978 927 1021 956 ut
1037 919 1218 964 insulam,

86 977 303 1027 molemque
322 977 370 1014 ad
388 977 546 1014 insulam
560 978 829 1028 pertinentem,
849 979 886 1015 in
902 992 1008 1016 suam
1026 979 1221 1029 redigeret

81 1045 333 1088 potestatem:
361 1037 540 1088 perfectis
560 1038 661 1075 enim
688 1051 826 1088 magna
846 1053 896 1077 ex
916 1047 1023 1090 parte
1043 1040 1220 1077 munitio-

84 1098 196 1136 nibus
215 1098 253 1134 in
272 1097 428 1148 oppido,
460 1106 500 1135 et
518 1098 618 1135 illam
638 1105 677 1135 et
697 1100 828 1136 urbem
847 1112 925 1137 uno
943 1107 1115 1150 tempore
1135 1108 1219 1138 ten-

82 1158 154 1195 tari
174 1170 283 1208 posse
303 1158 532 1195 confidebat.
585 1159 672 1200 Quo
691 1166 806 1209 capto
834 1158 1006 1204 consilio,
1040 1159 1219 1198 cohortes

77 1233 118 1265 x,
147 1226 186 1257 et
204 1219 295 1256 levis
315 1226 528 1256 armaturae
547 1218 707 1264 electos,
726 1232 821 1270 quos
838 1219 998 1257 idoneos
1013 1231 1062 1256 ex
1080 1220 1217 1270 equiti·

75 1281 145 1317 bus
164 1279 285 1316 Gallis
303 1279 571 1325 arbitrabatur,
591 1280 630 1316 in
645 1279 796 1330 navigia
814 1280 961 1317 minora
978 1280 1217 1331 scaphasque

75 1340 248 1390 imponit.
304 1339 400 1376 Inde
430 1339 591 1376 alteram
621 1339 767 1377 insulae
799 1346 946 1390 partem
978 1339 1217 1377 distinendae

74 1414 207 1438 manus
226 1412 360 1438 caussa
378 1400 580 1437 constratis
599 1399 757 1437 navibus
775 1400 1010 1450 aggreditur,
1038 1400 1216 1450 praemiis

75 1461 222 1512 magnis
241 1460 459 1511 propositis,
479 1460 542 1511 qui
561 1460 703 1510 primus
733 1460 893 1497 insulam
924 1460 1099 1511 cepisset.
1156 1463 1217 1498 Ac

73 1523 196 1573 primo
215 1522 398 1572 impetum
416 1529 632 1559 nostrorum
650 1521 793 1572 pariter
811 1522 1074 1558 sustinuerunt
1094 1536 1102 1558 :
1139 1535 1213 1559 uno

73 1582 175 1620 enim
206 1590 380 1632 tempore
408 1589 448 1619 et
481 1595 528 1619 ex
559 1581 671 1619 tectis
702 1581 963 1619 aedificiorum
996 1594 1213 1632 propugna-

72 1644 178 1688 bant,
205 1650 245 1680 et
264 1643 392 1680 littora
409 1642 544 1680 armati
572 1641 843 1688 defendebant,
872 1654 948 1693 quo
979 1650 1137 1692 propter
1156 1655 1214 1680 as-

71 1704 271 1755 peritatem
290 1704 365 1741 loci
384 1717 460 1741 non
479 1703 601 1741 facilis
631 1703 770 1740 nostris
804 1703 929 1740 aditus
962 1703 1148 1746 dabatur;
1174 1712 1213 1741 et

71 1764 221 1814 scaphis
241 1764 474 1814 navibusque
494 1762 619 1814 longis
639 1774 667 1800 v
685 1763 878 1801 mobiliter
896 1770 935 1801 et
954 1764 1119 1801 scienter
1147 1777 1213 1802 an-

74 1824 306 1874 gustiasloci
320 1825 535 1861 tuebantur.
582 1823 672 1869 Sed,
693 1824 771 1869 ubi,
792 1824 954 1874 primum
967 1825 1061 1861 locis
1081 1825 1213 1875 cogni-

69 1885 118 1921 tis
137 1885 316 1936 vadisque
331 1885 571 1936 pertentatis,
590 1885 703 1935 pauci
723 1885 843 1922 nostri
862 1885 899 1921 in
919 1885 1047 1922 littore
1072 1885 1212 1923 consti-

69 1953 213 1990 terunt,
239 1952 354 1996 atque
385 1945 455 1982 hos
473 1952 562 1982 sunt
592 1945 652 1982 alii
674 1945 883 1990 subsecuti,
913 1952 1210 1996 constanterque

69 2005 108 2042 in
137 2018 217 2051 eos,
245 2005 365 2056 quiin
396 2005 525 2043 littore
544 2018 667 2056 aequo
686 2005 916 2050 institerant,
947 2005 1131 2055 impetum
1152 2006 1208 2044 fe-

73 2074 234 2109 cerunt;
261 2079 392 2103 omnes
412 2065 591 2104 Pharitae
610 2074 718 2116 terga
741 2073 949 2104 verterunt.
1002 2066 1076 2104 His
1095 2067 1210 2116 pulsis

72 2126 246 2164 custodia
264 2134 396 2177 portus
415 2126 561 2175 relicta,
580 2127 630 2164 ad
647 2127 777 2164 littora
797 2134 835 2164 et
855 2128 977 2164 vicum
998 2127 1211 2177 applicave-

70 2194 173 2233 runt,
211 2200 328 2239 seque
354 2200 404 2225 ex
436 2187 594 2226 navibus
623 2187 673 2226 ad
706 2188 849 2226 tuenda
881 2188 1055 2226 aedificia
1084 2191 1208 2239 ejece—

73 2255 177 2284 runt.

122 2308 272 2350 XVIII.
327 2309 463 2361 Neque
485 2323 574 2349 vero
598 2311 741 2350 diutius
760 2311 830 2363 ipsi
860 2324 909 2350 ex
928 2311 1138 2349 munitione
1167 2323 1209 2348 se
