1472 2664
255 284 330 322 DE
357 283 534 321 BELLO
563 282 738 322 AFRIC.
765 283 940 321 LIBER.
1098 287 1170 323 183

39 387 201 438 generis,
230 386 356 424 ductis
385 386 422 423 in
451 394 574 424 eastra
602 386 872 437 compluribuS,
904 385 1171 436 frequentabat

40 459 124 484 suas
155 446 282 496 copias
298 460 307 482 z
344 446 541 497 (audiebat
571 445 671 483 enim
707 446 924 496 Scipionem
956 452 1043 495 post
1069 445 1170 482 diem

39 507 192 545 tertium
203 507 285 556 ejus
301 506 389 551 diei,
409 520 483 557 quo
499 506 682 557 proelium
698 506 840 544 factum
856 513 950 552 erat,
969 507 1172 557 appropin-

40 579 169 617 quare,
189 566 316 616 copias
335 579 421 603 suas
440 580 526 604 cum
541 567 713 604 Labieno
733 574 772 603 et
792 566 944 603 Petreio
964 567 1173 616 conjunge-

39 638 101 670 re;
129 627 235 675 cujus
255 626 400 676 copiae,
427 626 618 676 legionum
641 640 716 672 nx,
745 634 783 663 et
802 626 971 676 equitum
992 637 1038 662 111
1059 626 1170 662 milli-

37 700 114 732 um,
144 699 226 724 esse
252 685 552 736 nunciabantur)
576 686 742 724 officinas
773 685 945 723 ferrarias
973 686 1173 731 instruere,

38 746 194 796 sagittas
209 746 374 796 telaque,
395 745 449 782 uti
464 745 601 782 fierent
620 745 830 795 complura,
850 757 997 790 curare,
1017 745 1173 795 glandes

37 806 210 851 sundere,
229 806 343 843 sudes
359 818 600 855 compararet
620 806 747 843 literas
764 806 799 842 in
817 805 982 842 Siciliam
998 805 1175 843 nuncios-

39 878 112 916 que
130 866 296 911 mittere,
323 873 365 902 ut
383 865 452 904 sibi
474 873 596 903 crates
624 866 897 915 materiemque
924 872 1178 914 congererent

37 926 85 964 ad
98 926 248 971 arietes,
267 928 375 975 cujus
391 925 518 975 inopia
536 926 574 963 in
591 926 725 963 Africa
744 933 862 969 esset3
883 933 1081 976 praeterea
1098 925 1174 962 fer-

39 998 120 1023 rum
139 985 412 1036 plumbumque
440 985 667 1023 mitteretur.
723 985 773 1022 Et
791 985 958 1022 animum
977 983 1091 1021 etiam
1109 984 1175 1021 ad-

40 1045 224 1091 vertebat,
252 1044 442 1082 frumento
462 1058 502 1081 se
522 1046 560 1081 in
581 1045 727 1090 Africa,
748 1045 818 1081 nisi
838 1043 1099 1094 importatitio‚
1120 1044 1176 1080 uti

39 1118 114 1143 non
132 1119 265 1156 posse;
292 1106 418 1156 priore
444 1106 543 1142 enim
563 1118 675 1151 anno,
704 1112 861 1155 propter
879 1104 1178 1141 adversariorum

41 1166 216 1211 dilectus,
236 1165 338 1216 quod
357 1165 591 1215 stipendIarii
611 1172 778 1202 aratores
796 1165 936 1201 milites
953 1172 1080 1201 essent
1099 1164 1178 1201 fac-

41 1226 83 1273 ti,
101 1238 261 1263 messem
282 1239 357 1263 non
377 1239 458 1264 esse
477 1225 640 1263 factam:
670 1232 867 1275 praeterea
887 1237 935 1262 ex
951 1224 1053 1261 omni
1073 1224 1178 1261 Afri·

43 1299 87 1325 ca
99 1286 330 1324 frumentum
342 1286 575 1323 adversarios
591 1286 628 1322 in
644 1298 766 1336 pauca
781 1285 921 1336 oppida
936 1293 974 1323 et
987 1285 1086 1322 bene
1099 1298 1180 1321 rnu-

40 1347 119 1384 nita
133 1347 404 1396 comportasse,
420 1359 647 1397 omnemque
663 1346 858 1396 regionem
874 1345 1030 1383 Africae
1047 1346 1180 1382 exina-

42 1408 141 1444 nisse
158 1406 374 1444 frumento:
407 1406 560 1457 oppida,
588 1414 740 1457 praeter
758 1419 804 1443 ea
822 1418 959 1456 pauca,
991 1418 1089 1456 quae
1109 1405 1180 1456 ipsi

44 1467 120 1505 suis
134 1467 330 1518 praesidiis
349 1468 447 1504 tueri
466 1474 657 1517 poterant,
677 1467 822 1516 reliqna
837 1466 933 1503 dirui
949 1474 1062 1517 atque
1078 1467 1182 1504 dele-

42 1527 91 1571 ri;
111 1534 151 1565 et
166 1540 299 1564 eorum
318 1527 462 1565 incolas
481 1527 580 1564 intra
597 1539 665 1564 sua
683 1526 868 1576 praesidia
887 1528 1059 1577 co'e'gisse
1079 1540 1183 1565 com·

44 1586 230 1637 migrare:
259 1600 371 1637 agros
389 1587 560 1624 desertos
580 1599 625 1623 ae
646 1593 809 1623 vastatos
828 1597 922 1623 esse.

96 1647 204 1684 XXI.
237 1647 324 1685 Hac
338 1647 567 1685 necessitate
582 1648 722 1684 Caesar
735 1654 905 1692 coactus,
924 1647 1090 1698 privatos
1105 1659 1183 1685 am-

43 1707 198 1754 biendo,
226 1715 265 1745 et
283 1707 421 1745 blande
441 1706 682 1758 appellando,
709 1707 983 1757 aliquantulum
1002 1707 1185 1744 frumenti

45 1781 243 1806 numerum
263 1768 300 1805 in
319 1781 387 1805 sua
404 1768 591 1818 praesidia
611 1774 868 1817 congesserat,
888 1775 926 1805 et
940 1780 986 1805 eo
1005 1780 1120 1817 parce
1141 1781 1184 1805 u-

46 1829 210 1867 tebatur.
265 1828 395 1878 Opera
422 1828 572 1864 interim
601 1827 681 1878 ipse
702 1827 871 1878 quotidie
898 1828 1114 1873 circumire,
1146 1836 1186 1866 et

47 1889 96 1927 ad
109 1896 237 1927 ternas
257 1888 435 1926 cohortes
454 1888 493 1924 in
511 1887 673 1925 statione
689 1887 830 1924 habere
851 1896 1006 1939 propter
1020 1889 1186 1926 hostium

49 1949 342 1992 multitudinem.
395 1948 588 1986 Labienus
603 1948 752 1985 saucios
767 1960 868 1994 suos,
884 1961 1045 1999 quorum
1063 1949 1185 1986 maxi-

49 2021 132 2046 mus
151 2022 331 2046 numerus
346 2008 430 2054 suit,
445 2009 556 2058 jubet
571 2009 608 2045 in
623 2008 774 2059 plostris
790 2008 974 2059 deligatus
997 2009 1187 2046 Adrume-

49 2073 131 2104 tum
150 2066 354 2116 deportari.
402 2067 529 2105 Naves
547 2068 697 2105 interim
718 2068 890 2105 Caesaris
910 2068 1105 2106 onerariae
1127 2082 1187 2106 er-

50 2126 242 2165 rabundae
270 2128 368 2165 male
392 2128 640 2177 vagabantur,
672 2128 841 2166 incertae
869 2129 1041 2166 locorum
1071 2137 1186 2179 atque

51 2194 257 2224 castrorum
276 2200 430 2224 suorum
446 2201 454 2224 ε
476 2201 568 2238 quas
588 2189 754 2239 singulas
769 2190 934 2240 scaphae
952 2189 1186 2227 adversario-

52 2259 135 2284 rum
153 2247 366 2297 complures
384 2247 540 2286 adortae
562 2249 830 2295 incendebant,
857 2257 971 2301 atque
990 2261 1188 2300 expugna-

52 2305 159 2344 bant.
215 2306 303 2345 Hac
322 2320 363 2345 re
382 2307 577 2354 nunciata,
604 2308 745 2346 Caesar
764 2308 902 2347 classes
921 2308 1066 2346 circum
1086 2307 1187 2344 insu-
