1472 2664
231 280 302 315 146
662 278 712 313 A.
753 276 930 313 H1RT11

229 379 374 418 fuisset.
429 379 503 417 His
521 379 710 429 responsis
729 379 840 425 datis,
869 392 957 416 cum
977 378 1020 415 iis
1040 378 1173 429 copiis,
1193 391 1285 428 quas
1304 392 1365 416 su-

227 453 296 490 pra
315 440 461 490 scripsi,
489 440 686 490 profectus
713 450 771 477 est
790 440 826 476 in
850 440 1086 485 Armeniam,
1118 439 1285 490 locisque
1305 453 1366 476 su-

227 500 442 550 perioribus
468 500 540 538 iter
558 501 686 538 facere
706 501 892 538 instituit:
920 514 1007 537 nam
1033 514 1083 537 cx
1105 500 1229 537 Ponto
1249 513 1271 537 a
1291 500 1367 538 Co-

226 562 348 599 manis
363 563 500 612 jugum
518 561 663 599 editum
682 563 854 600 silvestre
872 570 943 607 est,
963 562 1159 612 pertinens
1175 562 1212 597 in
1231 562 1368 598 Arme-

225 622 324 658 niam
344 622 543 668 minorem,
577 636 652 673 quo
674 623 918 673 Cappadocia
942 622 1071 660 finitur
1089 623 1137 660 ab
1159 622 1367 660 Armenia:

225 684 336 732 cujus
354 682 499 720 itineris
518 683 586 721 has
605 696 687 720 esse
708 692 832 721 certas
851 683 1171 734 opportunitates,
1205 683 1308 734 quod
1328 683 1366 721 in

224 743 320 780 locis
338 743 594 794 superioribus
615 745 741 781 nullus
762 744 926 794 impetus
946 745 1170 794 repentinus
1188 744 1366 782 accidere

226 804 392 842 hostium
413 812 578 854 poterat,
606 814 643 843 et
664 806 767 856 quod
787 805 1045 856 Cappadocia,
1074 805 1131 841 his
1155 805 1259 855 jugis
1279 805 1365 842 sub·

218 867 338 915 jecta,
366 878 543 919 magnam
563 874 798 904 commeatus
828 867 976 917 copiam
1003 875 1085 904 erat
1104 866 1366 904 subministra·

224 935 321 964 tura.

275 986 461 1025 XXXVI.
507 988 733 1038 Complures
749 987 900 1024 interim
915 986 1127 1037 legationes
1149 986 1366 1025 Pharnaces

222 1048 270 1088 ad
290 1048 503 1086 Domitium
524 1048 655 1094 mittit,
676 1061 773 1098 quae
794 1048 842 1085 de
861 1060 956 1098 pace
976 1056 1151 1097 agerent,
1183 1047 1367 1098 regiaque

221 1122 379 1146 munera
406 1109 578 1146 Domitio
597 1109 755 1147 ferrent.
810 1108 868 1146 Ea
896 1115 1117 1146 constanter
1145 1108 1272 1145 omnia
1298 1108 1365 1146 ad-

221 1171 474 1220 spernabatur
489 1186 497 1213 ς
514 1183 586 1207 nec
607 1170 676 1207 sibi
697 1170 904 1220 quidquam
923 1169 1005 1207 fore
1023 1169 1231 1219 antiquius,
1251 1182 1366 1219 quam

222 1231 448 1282 dignitatem
468 1231 599 1282 populi
621 1231 782 1277 Romani
803 1238 842 1268 et
857 1243 976 1280 regna
994 1229 1184 1267 sociorum
1205 1242 1365 1280 recupe-

221 1305 320 1338 rare,
338 1292 474 1342 legatis
493 1292 762 1342 respondebat.
811 1291 966 1341 Magnis
986 1298 1024 1327 et
1045 1290 1236 1328 continuis
1255 1290 1366 1329 itine-

220 1354 325 1392 ribus
339 1353 541 1398 confectis,
557 1366 673 1403 quum
687 1352 912 1389 adventaret
927 1351 974 1388 ad
989 1351 1223 1402 Nicopolim,
1241 1351 1365 1402 (quod

221 1415 405 1466 oppidum
420 1414 586 1464 positum
607 1414 643 1450 in
660 1411 843 1450 Armenia
859 1411 1006 1449 minore
1022 1419 1094 1457 est,
1114 1411 1226 1461 plano
1243 1411 1365 1461 ipsum

219 1476 321 1521 loco,
340 1475 534 1513 montibus
553 1481 680 1512 tamen
701 1473 786 1511 altis
801 1473 848 1510 ab
868 1472 1017 1510 duobus
1031 1472 1214 1509 lateribus
1234 1472 1365 1522 objec-

219 1537 282 1582 tis,
301 1536 391 1575 satis
411 1548 551 1586 magno
571 1534 770 1572 intervallo
803 1534 851 1571 ab
871 1533 1012 1584 oppido
1031 1533 1207 1584 remotis)
1240 1541 1365 1571 castra

218 1598 347 1649 posuit
366 1597 481 1647 longe
499 1609 521 1634 a
552 1595 732 1646 Nicopoli
760 1595 914 1633 circiter
941 1594 1059 1632 millia
1087 1607 1266 1644 passuum
1288 1606 1366 1631 vu.

219 1659 368 1702 Quibus
383 1670 433 1696 ex
454 1657 587 1695 castris
607 1670 723 1707 quum
743 1656 850 1694 locus
869 1663 1054 1706 angustus
1069 1664 1184 1705 atque
1205 1655 1364 1705 impedi-

218 1727 280 1758 tus
307 1726 408 1756 esset
427 1718 694 1763 transeundus,
722 1717 941 1755 Pharnaces
971 1716 1009 1753 in
1030 1716 1172 1754 insidiis
1191 1717 1362 1754 delectos

217 1781 367 1831 pedites
386 1792 595 1830 omnesque
626 1791 750 1829 paene
770 1778 957 1828 disposuit
977 1777 1150 1828 equitcs;
1185 1790 1364 1828 magnam

217 1850 347 1883 autem
362 1840 647 1879 multitudinem
667 1839 818 1890 pecoris
837 1839 935 1876 intra
954 1851 1016 1876 ens
1037 1838 1168 1876 fauces
1188 1839 1362 1889 dissipari

215 1902 341 1953 jussit,
362 1914 609 1953 paganosque
628 1908 668 1938 et
687 1899 898 1950 oppidanos
919 1899 955 1936 in
973 1900 1017 1937 iis
1037 1899 1132 1938 locis
1147 1900 1364 1938 obversari:

218 1971 272 2008 ut,
288 1963 318 2000 si
333 1962 477 2000 amicus
491 1961 687 1999 Domitius
699 1973 764 1998 eas
778 1959 972 2010 angustias
987 1960 1180 2006 transiret,
1200 1959 1299 2004 nihil
1313 1960 1362 1997 de

216 2023 360 2061 insidiis
375 2022 648 2073 suspicaretur,
668 2034 785 2072 quum
806 2019 842 2057 in
856 2020 956 2070 agris
976 2028 1014 2058 et
1033 2033 1173 2071 pecora
1185 2028 1224 2058 et
1239 2021 1363 2058 homi-

216 2097 284 2124 nes
297 2084 617 2121 animadverteret
631 2081 785 2127 versari,
802 2090 983 2131 tanquam
997 2081 1205 2119 amicorum
1222 2081 1365 2119 adven·

214 2153 282 2188 tu;
309 2144 366 2182 sin
385 2157 475 2181 vero
495 2151 538 2180 ut
557 2143 595 2179 in
623 2142 788 2179 hostium
808 2142 903 2178 fines
921 2141 1083 2187 veniret,
1110 2142 1252 2192 praeda
1270 2142 1359 2180 diri-

214 2205 355 2257 pienda
373 2204 512 2241 milites
531 2203 822 2253 dissiparentur,
841 2202 1079 2253 dispersique
1095 2203 1360 2240 caederentur.

266 2266 474 2305 XXXVII.
514 2265 626 2302 Haec
641 2277 757 2314 quum
773 2263 1070 2308 administraret,
1091 2276 1286 2314 nunquam
1303 2270 1359 2301 ta·

213 2341 302 2366 men
318 2327 596 2366 intermittebat
611 2326 760 2376 legatos
774 2324 822 2363 de
842 2336 938 2376 pace
954 2331 1071 2375 atque
1086 2324 1254 2363 amicitia
1272 2324 1360 2363 mit—
