1472 2664
334 292 409 331 DE
438 292 616 331 BELLO
646 293 807 331 ALEX.
835 293 1013 331 LIBER.
1171 293 1242 333 15²3

95 395 314 446 cipitantur.
369 396 457 446 Ipse
480 396 664 434 Octavius
683 410 724 434 se
744 397 780 434 in
801 398 978 448 scapham
1001 396 1171 439 confert;
1201 397 1240 433 iu

48 447 52 451 ¹
93 469 207 506 quam
240 457 365 507 plures
403 471 520 507 quum
557 457 826 508 confugerent,
864 458 1043 508 depressa
1085 458 1242 507 scapha,

95 517 330 564 vulneratus,
368 525 496 556 tamen
531 518 688 556 adnatat
724 519 772 556 ad
808 532 917 556 snum
955 531 1242 569 myoparonema

93 575 152 614 Eo
172 585 364 628 receptus,
393 591 510 628 quum
529 579 716 628 proelium
736 592 815 616 nox
835 579 1045 624 dirimeret,
1074 586 1240 628 tempes-

94 644 174 674 tate
193 650 332 688 magna
350 638 442 675 velis
461 638 651 688 profugit:
673 647 885 688 sequuntur
900 638 1002 675 hunc
1018 650 1109 676 suae
1125 650 1241 675 naves

90 698 311 745 nonnullae,
339 711 433 749 quas
452 712 562 736 casus
581 699 628 735 ab
649 699 713 736 illo
735 699 907 749 periculo
927 698 1152 736 vindicarat.

139 758 304 796 XLVII.
358 761 413 796 At
430 759 618 805 Vatinius,
647 772 688 796 re
707 761 806 797 bene
821 768 945 809 gesta,
974 760 1147 810 receptui
1170 773 1233 798 ce-

90 820 201 864 cinit;
220 821 375 872 suisque
395 821 570 858 omnibus
586 821 841 859 incolumibus
860 821 898 857 in
919 834 1006 858 eum
1025 833 1065 857 se
1082 829 1237 872 portum

88 881 210 918 victor
228 881 389 932 recepit,
409 895 486 932 quo
505 895 555 919 ex
575 889 690 932 portu
709 882 837 919 classis
866 881 1079 919 Octaviana
1098 882 1146 918 ad
1179 881 1237 919 di-

86 942 306 980 micandum
325 951 579 993 processerat.
633 943 748 993 Capit
765 955 815 980 ex
841 955 888 980 eo
921 943 1068 993 proelio
1099 950 1238 994 pente-

87 1015 170 1040 rem
190 1016 220 1049 1,
247 1003 422 1042 triremes
442 1015 490 1049 11,
518 1004 684 1041 dici-otas
707 1016 783 1049 ux,
812 1003 1106 1054 compluresque
1127 1005 1240 1042 remi-

86 1077 154 1114 ges
181 1064 436 1107 Octavianos;
464 1071 697 1115 posteroque
718 1064 769 1102 ibi
789 1065 863 1110 die,
886 1065 976 1101 dum
995 1077 1082 1101 suas
1116 1066 1237 1116 capti-

85 1135 228 1174 vasque
247 1136 363 1161 naves
383 1123 574 1169 reficeret,
605 1131 819 1169 consumto,
848 1132 934 1174 post
953 1124 1054 1161 diem
1074 1137 1124 1161 111
1145 1139 1237 1163 con-

88 1184 214 1221 tendit
230 1185 266 1221 in
286 1184 446 1222 insulam
466 1184 600 1230 Issam,
620 1185 723 1235 quod
743 1197 789 1222 eo
808 1197 848 1221 se
864 1185 1054 1235 recepisse
1075 1198 1123 1222 ex
1144 1185 1237 1236 fuga

93 1244 275 1282 credebat
295 1244 511 1282 Octavium.
566 1244 660 1282 Erat
679 1245 716 1282 in
745 1258 790 1283 ea
815 1245 1090 1283 nobilissimum
1111 1248 1238 1297 regio-

89 1318 182 1342 num
209 1317 339 1343 earum
368 1305 565 1355 oppidum,
596 1307 1027 1357 conjunctissimumque
1057 1308 1235 1346 Octavio.

87 1367 175 1408 Quo
197 1374 239 1404 ut
257 1367 446 1418 pervenit,
480 1367 660 1418 oppidani
681 1367 873 1418 supplices
893 1381 934 1404 se
953 1368 1108 1405 Vatinio
1128 1369 1238 1406 dedi-

85 1426 244 1469 derunt;
273 1427 553 1477 comperitque,
573 1427 695 1477 ipsum
717 1427 920 1464 Octavium
940 1428 1066 1478 parvis
1084 1428 1237 1478 paucls-

90 1498 166 1537 que
184 1486 344 1536 navigiis
364 1494 478 1523 vento
497 1487 669 1524 secundo
689 1487 885 1536 regionem
908 1487 1097 1525 Graeciae
1117 1490 1237 1538 petis-

88 1559 143 1593 se,
172 1547 261 1584 inde
281 1554 324 1584 ut
344 1546 527 1592 Siciliam,
560 1547 700 1584 deinde
733 1547 920 1593 Africam,
948 1556 1117 1599 caperet.
1172 1548 1234 1586 Ita

85 1608 192 1646 brevi
208 1608 345 1658 spatio,
365 1620 407 1645 re
427 1607 726 1658 praeclarissime
745 1616 866 1658 gesta,
887 1609 1084 1658 provincia
1099 1621 1234 1658 recep·

83 1676 123 1706 ta
148 1677 187 1706 et
213 1669 422 1707 Cornificio
442 1669 606 1714 reddita,
635 1669 755 1706 classe
775 1669 1076 1706 adversariorum
1097 1682 1145 1706 ex
1168 1669 1233 1706 illo

84 1738 166 1768 toto
185 1729 269 1767 sinu
289 1729 464 1780 expulsa,
482 1729 606 1767 victor
623 1742 663 1766 se
679 1729 940 1776 Brundisium,
961 1730 1143 1768 incolumi
1164 1743 1233 1767 ex-

84 1790 206 1828 ercitu
226 1798 265 1827 et
285 1790 417 1836 classe,
438 1790 597 1840 recepit.
1027 1817 1031 1827 ,

139 1851 325 1888 XLVIII.
378 1851 430 1887 Iis
445 1860 573 1888 autem
595 1852 844 1902 temporibus,
864 1852 1000 1902 quibus
1021 1852 1164 1890 Caesar
1184 1852 1235 1889 ad

84 1911 371 1962 Dyrrhachium
399 1911 626 1961 Pompeium
646 1911 860 1956 obsidebat,
890 1919 927 1948 et
949 1910 1234 1961 Palaepharsali

85 1984 166 2009 rem
182 1971 344 2009 feliciter
362 1971 534 2022 gerebat,
563 1971 902 2021 Alexandriaeque
922 1984 1038 2021 quum
1058 1970 1234 2021 periculo

83 2045 237 2084 magno,
271 2040 352 2070 tum
371 2032 486 2069 etiam
506 2034 650 2082 majore
680 2032 840 2082 periculi
869 2032 982 2077 fama,
1011 2032 1231 2077 dimicabat,

87 2094 135 2135 Q.
163 2092 317 2131 Cassius
344 2092 558 2143 Longinus,
587 2093 625 2130 in
645 2092 834 2144 Hispania
852 2105 921 2143 pro
947 2099 1124 2143 praetore
1143 2105 1234 2142 pro·

81 2154 231 2192 vinciae
250 2154 440 2191 ulterioris
453 2153 684 2191 obtinendae
700 2166 834 2191 caussa
853 2153 1023 2198 relictus,
1043 2153 1121 2190 sive
1138 2165 1232 2190 con-

84 2215 288 2252 suetudine
307 2221 466 2252 naturae
485 2226 592 2260 suae,
616 2214 694 2251 sive
714 2214 818 2260 odio,
838 2213 942 2265 quod
962 2214 998 2250 in
1019 2213 1119 2250 illam
1141 2226 1229 2263 pro-

83 2275 248 2313 vinciam
276 2283 499 2326 susceperat
517 2282 709 2325 quaestor,
739 2287 788 2312 ex
809 2274 953 2312 insidiis
973 2275 1023 2311 ibi
1051 2274 1230 2310 vulnera·

84 2344 158 2384 tus,
175 2349 334 2387 magnas
351 2336 429 2374 odii
448 2336 506 2374 sui
525 2335 672 2375 fecerat
686 2335 928 2374 accessiones
944 2351 953 2379 ;
981 2334 1087 2386 quod
1100 2333 1160 2371 vel
1179 2346 1231 2372 ex

160 2397 270 2435 ΤοΜ.
297 2396 350 2435 ΙΙ.
647 2395 687 2434 U
