1472 2664
479 272 644 311 LIBER
697 273 769 310 111.
1137 278 1208 316 113

64 376 202 413 ‹lisium
221 375 347 419 venit;
387 376 596 427 eademque
615 376 774 421 ratione,
796 389 870 426 qua
884 376 1028 414 sactum
1045 389 1066 414 a
1084 378 1202 417 Libo-

65 447 115 474 ne
132 445 246 474 antea
276 437 631 481 demonstravimus,
659 437 820 474 insulam
851 438 1043 487 objectam
1075 441 1204 490 portui

67 497 297 535 Brundisino
313 497 449 534 tenuit.
503 497 685 534 Similiter
705 497 894 542 Vatinius,
915 499 977 547 qui
999 498 1201 536 Brundisio

62 565 251 607 praeerat,
293 558 404 595 tectis
437 557 709 607 instructisque
743 557 893 608 scaphis
924 558 1056 595 elicuit
1087 571 1203 596 naves

64 618 266 655 Laelianas
287 632 296 654 :
339 626 453 669 atque
485 632 534 655 ex
567 618 625 655 his
654 619 806 668 longius
834 618 1059 669 productam
1089 632 1203 657 unam

64 679 392 729 quinqueremem,
425 686 464 715 et
483 679 648 716 minores
666 679 775 723 duas,
808 679 846 716 in
865 680 1050 729 angustiis
1069 688 1202 730 portus

62 739 190 790 cepit:
218 740 386 790 itemque
405 752 472 789 per
491 739 638 790 equites
657 739 861 789 dispositos
880 752 979 790 aqua
993 741 1197 790 prohibere

62 799 273 838 classiarios
288 800 464 837 instituit.
519 800 595 837 Sed
611 800 778 846 Laelius,
796 807 969 851 tempore
988 801 1077 838 anni
1096 814 1201 838 com-

63 861 234 898 modiore
254 873 343 898 usus
362 861 411 898 ad
431 860 700 910 navigandum,
729 861 911 898 onerariis
930 861 1086 899 navibus
1107 862 1202 899 Cor-

62 934 154 972 cyra
169 921 491 972 Dyrrhachioque
509 934 646 971 aquam
661 921 738 958 suis
757 922 1019 971 supportabat,
1040 935 1164 972 neque
1179 935 1202 960 a

60 982 258 1032 proposito
272 981 553 1019 deterrebatur:
570 993 708 1032 neque,
723 988 812 1018 ante
826 981 1012 1032 proelium
1026 982 1064 1018 in
1080 982 1202 1021 Thes-

62 1042 155 1079 salia
171 1041 315 1079 factum
342 1041 553 1092 cognitum,
585 1050 650 1080 aut
670 1042 878 1092 ignominia
895 1041 1115 1079 amissarum
1134 1056 1200 1081 na-

61 1103 179 1148 vium,
207 1109 273 1140 aut
305 1103 604 1140 necessariarum
624 1115 750 1140 rerum
770 1102 911 1153 inopia,
943 1115 992 1140 ex
1011 1111 1125 1153 portu
1144 1105 1200 1141 in-

61 1162 218 1212 sulaque
237 1162 378 1212 expelli
401 1162 539 1213 potuit.

113 1222 180 1260 CI.
247 1222 386 1260 Iisdem
420 1222 501 1259 fere
532 1223 767 1273 temporibus
801 1222 952 1260 Cassius
972 1237 1059 1262 cum
1079 1225 1200 1263 classe

62 1283 258 1333 Syrorum,
274 1290 313 1320 et
326 1282 577 1328 Phoenicum,
592 1291 632 1320 et
648 1283 825 1329 Cilicum,
841 1284 878 1321 in
893 1283 1060 1322 Siciliam
1075 1287 1196 1323 venit:

61 1351 114 1388 et,
145 1355 261 1393 quum
281 1349 382 1380 esset
402 1343 576 1381 Caesaris
595 1343 724 1380 classis
752 1343 871 1380 divisa
889 1344 927 1380 in
946 1344 1040 1381 duas
1060 1353 1199 1395 partes,

58 1411 100 1441 et
117 1403 298 1441 dimidiae
326 1403 423 1454 parti
443 1411 639 1454 praeesset
667 1403 710 1440 P.
732 1403 922 1454 Sulpicius
949 1413 1102 1455 praetor
1133 1407 1199 1443 Vi-

56 1463 158 1501 bone
177 1463 227 1501 ad
242 1463 397 1509 fretum,
424 1463 602 1501 dimidiae
635 1463 693 1500 Μ.
713 1463 947 1514 Pomponius
965 1466 1014 1502 ad
1047 1465 1196 1504 Messa-

58 1537 144 1562 nam
161 1540 170 1568 ;
201 1525 305 1574 prius
321 1519 477 1562 ‘Cassius
496 1524 545 1561 ad
564 1524 784 1562 Messanam
804 1526 962 1563 navibus
993 1527 1197 1572 advolavit,

59 1598 173 1636 quam
193 1584 426 1635 Pomponius
446 1584 493 1622 de
523 1586 604 1634 ejus
623 1586 789 1622 adventu
809 1594 1085 1636 cognosceret:
1113 1601 1199 1638 per-

59 1646 329 1696 turbatumque
345 1658 431 1683 eum
450 1654 599 1690 nactus,
626 1645 739 1682 nullis
759 1647 954 1692 custodiis,
992 1660 1117 1698 neque
1136 1661 1198 1685 or-

60 1705 212 1743 dinibus
230 1705 358 1751 certis,
376 1718 516 1756 magno
535 1712 650 1743 vento
666 1713 704 1743 et
724 1706 910 1751 secundo,
929 1708 1138 1757 completas
1156 1722 1198 1746 o-

59 1767 225 1804 nerarias
244 1779 358 1805 naves
377 1767 503 1811 taeda,
523 1774 561 1804 et
577 1767 676 1817 pice,
696 1776 736 1803 et
750 1774 875 1817 stupa,
895 1767 1125 1819 reliquisque
1138 1782 1198 1807 re-

57 1827 143 1873 bus,
163 1840 261 1878 quae
275 1835 364 1865 sunt
382 1828 430 1865 ad
449 1827 640 1872 incendia,
661 1828 697 1864 in
719 1827 1017 1878 Pomponianam
1036 1829 1195 1867 classem

60 1888 228 1934 immisit,
246 1895 362 1939 atque
382 1900 514 1925 omnes
535 1900 650 1926 naves
668 1888 840 1925 incendit
859 1901 987 1933 xxxv,
1019 1902 1040 1927 e
1059 1890 1198 1941 quibus

59 1955 169 1986 erant
186 1962 240 1986 xx
260 1955 474 1986 constratae
491 1962 500 1984 ε
532 1956 736 1999 tantusque
756 1961 802 1987 eo
820 1948 923 1987 sacto
942 1950 1055 1988 timor
1073 1951 1196 1989 inces-

59 2010 122 2055 sit,
139 2017 197 2055 ut,
217 2022 334 2060 quum
353 2017 454 2046 esset
471 2003 572 2060 legio
590 2010 779 2060 praesidio
799 2009 1017 2057 Messanae,
1044 2011 1108 2048 vix
1128 2025 1197 2063 op-

58 2069 189 2120 pidum
203 2069 475 2108 defenderetur
490 2084 500 2106 :
527 2076 582 2116 et,
605 2070 676 2107 nisi
691 2082 738 2108 eo
759 2070 839 2120 ipso
855 2079 1028 2121 tempore
1042 2073 1195 2123 quidam

58 2130 188 2167 nuncii
207 2129 255 2167 de
275 2130 449 2168 Caesaris
466 2130 628 2168 victoria
652 2143 721 2182 per
740 2131 942 2182 dispositos
971 2133 1120 2183 equites
1137 2146 1197 2172 es-

59 2198 144 2228 sent
161 2191 279 2237 allati,
311 2190 581 2229 existimabant
599 2192 770 2243 plerique
789 2192 960 2230 futurum
977 2193 1107 2240 fuisse,
1140 2195 1196 2233 uti

60 2251 313 2289 amitteretur.
355 2251 447 2298 Sed,
466 2252 786 2303 opportunissime
805 2253 956 2291 nunciis
974 2254 1109 2300 allatis,
1129 2268 1197 2306 op-

57 2311 190 2409 pidurm
206 2311 288 2409 fuit1
291 2311 511 2409 iiefensum,
539 2313 768 2365 Cassiusque
794 2313 844 2352 ad
862 2314 1120 2366 Sulpicianam
1138 2316 1196 2354 in·

171 2383 244 2410 oM.
306 2397 323 2410 η
623 2373 656 2410 Ρ
