1472 2664
261 295 335 353 DE
363 307 541 352 BELLO
571 309 747 352 AFRIC.
775 313 951 351 LIBER.
1107 295 1184 353 193*

48 410 168 464 ducti,
186 418 393 468 petierunt,
430 423 472 454 ut
501 417 571 454 sibi
598 417 731 455 liceret
759 416 840 469 sine
866 415 1039 466 periculo
1065 416 1182 453 verba

47 478 233 528 proloqui.
265 477 461 515 Potestate
474 478 589 522 facta,
603 482 629 500 “
647 476 976 527 Saepenumero,’'
990 475 1181 526 inquiunt,

48 544 74 562 “
86 538 312 588 Imperator,
327 538 541 588 complures
556 537 724 583 Gaetuli,
741 537 805 587 qui
819 550 949 574 sumus
963 536 1123 573 clientes
1136 536 1182 574 C.

47 604 73 623 “
86 599 215 645 Marii,
228 606 267 636 et
280 599 555 649 propemodum
569 611 698 635 omnes
711 598 812 635 cives
828 597 1002 642 Romani,
1016 597 1080 647 qui
1093 603 1181 633 sunt

47 663 73 682 “
86 659 122 695 in
138 659 289 709 legione
308 671 368 704 1v,
387 667 426 696 et
446 671 505 703 vi,
528 658 577 695 ad
595 667 633 695 te
651 657 837 695 voluimus
856 658 894 694 in
913 665 1054 708 tuaque
1075 669 1184 708 prae-

48 724 74 742 “
86 719 180 756 sidia
195 718 426 768 confugere;
449 718 518 755 sed
533 718 715 755 custodiis
731 717 904 768 equitum
917 717 1184 764 Numidarum,

47 784 74 802 “
87 792 162 829 quo
175 780 213 816 id
225 779 306 816 sine
317 779 487 830 periculo
499 779 621 816 minus
634 779 860 824 faceremus,
873 778 1185 828 impediebamur.

47 844 74 863 “
87 839 313 885 Nunc‚data
323 839 596 889 facultate,pro
610 839 913 889 speculatoribus
924 838 1027 875 missi
1040 839 1087 875 ab
1103 837 1185 875 Sci-

47 905 75 923 “
88 900 214 950 pione,
229 900 277 937 ad
292 908 330 936 te
344 899 586 950 cupidissime
601 900 787 945 venimus,
807 907 849 936 ut
867 900 1185 950 perspiceremuS‚

48 965 74 983 “
87 973 176 997 num
198 973 294 1011 quae
313 959 435 997 fossae
454 967 520 997 aut
538 959 695 997 insidiae
722 959 934 1010 elephantis
953 968 1041 996 ante
1061 967 1188 997 castra

49 1025 75 1043 “
89 1028 295 1071 portasque
303 1020 390 1057 valli
400 1019 525 1057 factae
538 1027 683 1063 essent;
697 1020 884 1070 simulque
898 1019 1055 1057 consilia
1062 1027 1189 1057 vestra

50 1086 77 1104 “
92 1089 227 1119 contra
244 1081 397 1119 easdem
415 1081 570 1125 bestias,
598 1081 998 1130 comparationemque
1019 1092 1187 1130 pugnae,

50 1147 77 1165 “
89 1154 422 1192 cognosceremus,
437 1148 553 1191 atque
567 1140 602 1177 ei
615 1141 968 1179 renunciaremus.''
997 1140 1087 1186 Qui,
1107 1141 1186 1178 col-

49 1201 192 1239 laudati
206 1214 229 1238 a
242 1201 694 1251 Caesare,stipendioque
708 1200 907 1246 donati,ad
921 1200 1087 1250 reliquos
1102 1212 1188 1250 per·

49 1261 158 1312 fugas
173 1262 437 1307 deducuntur:
466 1274 624 1311 quorum
645 1261 856 1298 orationem
884 1261 1062 1299 celeriter
1090 1261 1189 1298 veri-

50 1328 109 1359 tas
127 1322 400 1372 comprobavit.
445 1321 620 1372 Namque
646 1328 803 1371 postero
822 1321 884 1358 die
903 1333 952 1358 ex
972 1320 1188 1370 legionibus

50 1382 110 1429 iis,
125 1395 217 1432 quas
231 1381 387 1419 Gaetuli
402 1381 706 1425 nominaverunt,
720 1381 858 1418 milites
871 1381 1069 1431 legionarii
1084 1393 1190 1418 com-

51 1443 178 1494 plures
197 1443 244 1480 ab
266 1442 446 1493 Scipione
465 1442 502 1479 in
523 1449 649 1480 castra
667 1442 840 1479 Caesaris
868 1441 1133 1492 pei-fugerunt.

102 1503 288 1540 XXXVI.
341 1503 446 1540 Dum
465 1503 562 1541 haec
593 1503 643 1541 ad
671 1502 881 1553 Ruspinam
900 1510 1099 1552 geruntur,
1131 1502 1191 1540 M.

55 1564 167 1610 Cato,
187 1565 251 1614 qui
267 1564 405 1602 Uticae
423 1571 612 1614 praeerat,
631 1563 794 1601 dilectus
809 1563 980 1613 quotidie
994 1563 1193 1600 libertino-

54 1639 154 1671 rum,
184 1625 380 1670 Afrorum,
407 1637 616 1670 servorum,
636 1624 816 1674 denique,
843 1632 883 1661 et
901 1624 1193 1674 cujusquemodi

52 1686 204 1736 generis
224 1686 433 1731 hominum,
466 1686 532 1735 qui
558 1686 672 1722 modo
700 1698 768 1735 per
786 1693 951 1722 aetatem
969 1697 1075 1722 arma
1092 1684 1192 1723 ferre

52 1754 244 1797 poterant,
271 1746 428 1791 habere,
448 1754 562 1796 atque
581 1747 652 1783 sub
671 1758 825 1783 manum
845 1745 1034 1796 Scipion1s
1053 1745 1090 1782 in
1111 1758 1193 1783 cas-

57 1814 116 1845 tra
133 1807 371 1852 submittere,
407 1819 484 1844 non
504 1806 733 1844 intermittit.
804 1805 943 1856 Legati
973 1806 1124 1844 interim
1143 1820 1194 1845 ex

55 1868 198 1918 oppido
217 1868 390 1913 Tisdrae,
435 1867 473 1903 in
494 1866 597 1917 quod
626 1867 742 1904 tritici
772 1867 941 1904 modium
968 1867 1085 1905 millia
1120 1879 1194 1905 ccc

56 1934 295 1978 comportata
313 1927 464 1964 fuerant
481 1939 504 1964 a
532 1926 835 1977 negotiatoribus
863 1926 1007 1964 Italicis
1037 1928 1196 1965 aratori-

56 1989 216 2039 busque,
246 1987 295 2025 ad
314 1987 518 2025 Caesarem
544 1999 698 2033 venere,
734 1995 952 2038 quantaque
971 1987 1082 2038 copia
1116 1988 1195 2026 fru-

55 2049 175 2087 menti
194 2048 296 2099 apud
315 2061 355 2086 se
382 2048 444 2094 sit,
480 2048 642 2091 docent3
679 2047 866 2098 simulque
899 2055 1022 2094 orant,
1049 2057 1092 2087 ut
1122 2051 1197 2088 sibi

55 2109 286 2160 praesidium
305 2107 446 2154 mittat,
478 2121 555 2158 quo
573 2106 722 2145 facilius
741 2114 780 2144 et
798 2106 1030 2146 frumentum
1060 2116 1100 2146 et
1132 2122 1197 2147 co-

58 2170 144 2221 piae
162 2181 254 2207 suae
274 2176 559 2206 conserventur.
595 2168 744 2210 Quibus
763 2168 905 2206 Caesar
923 2168 962 2204 in
981 2169 1198 2220 praesentia

59 2230 200 2281 gratias
219 2230 311 2281 agit,
339 2228 647 2280 praesidiumque
665 2229 771 2266 brevi
790 2236 961 2279 ternpore
990 2241 1031 2266 se
1063 2229 1198 2267 missu-

59 2303 141 2329 rum
160 2291 275 2334 dixit;
294 2291 592 2342 cohortatusque
610 2289 660 2327 ad
677 2302 765 2328 suos
784 2290 885 2327 cives
896 2290 1008 2339 jubet
1026 2289 1197 2339 proficis-

61 2351 109 2388 ci.
162 2350 205 2389 P.
226 2351 342 2390 Sitius
359 2352 526 2400 interim,
555 2364 642 2390 cum
662 2350 783 2402 copiis
802 2350 1006 2390 Numidiae
1023 2350 1119 2388 fines
1139 2350 1203 2388 in:

137 2412 245 2451 Tou.
272 2412 324 2450 ΙΙ.
622 2411 654 2448 Β
673 2412 697 2448 b
