1472 2664
138 252 187 288 42
432 250 506 287 DE
554 250 732 287 BELLO
780 248 950 288 CIVILI

138 360 439 401 permanaverat,
469 360 582 403 atque
603 353 697 390 alius
716 353 779 390 alii
799 353 1021 400 tradiderat,
1040 353 1170 405 plures
1188 366 1281 393 auc-

139 421 241 450 tores
258 415 342 463 ejus
361 414 415 451 rei
434 413 673 451 videbantur.
716 414 861 462 [Civile
882 414 1024 452 bellum
1043 429 1052 458 ;
1071 427 1193 464 genus
1212 415 1281 453 ho·

139 474 299 519 minum,
342 474 444 525 quod
474 474 607 511 liceret
636 474 755 511 libere
786 474 929 520 Facere,
957 483 997 512 et
1029 476 1151 526 sequi,
1180 475 1284 526 quod

140 535 253 572 vellet
273 551 281 577 ;
308 535 480 583 legiones
499 547 582 579 eae,
603 547 701 585 quae
720 535 848 584 paullo
867 542 956 573 ante
975 537 1078 587 apud
1107 537 1283 575 adversa-

138 595 213 632 rios
231 595 405 636 fuerant;
435 607 520 631 nam
537 595 650 631 etiam
666 595 840 632 Caesaris
859 596 1089 634 beneficium
1110 605 1284 635 mutave·

140 662 197 691 rat
225 656 477 699 consuetudo,
509 668 584 705 qua
614 655 842 694 offerrentur
860 657 1069 707 municipia
1087 658 1202 695 etiam
1228 657 1285 694 di-

139 717 257 753 versis
288 717 461 766 partibus
497 717 717 766 conjuncta.
784 716 922 768 Neque
956 718 1055 754 enim
1075 731 1125 755 ex
1146 718 1286 756 Marsis

141 776 386 827 Pelignisque
423 777 642 822 veniebant,
688 783 731 813 ut
768 777 833 827 qui
869 778 1064 828 superiore
1094 787 1210 817 nocte
1246 779 1285 816 in

138 837 421 878 contuberniis:
467 836 825 886 commilitonesque
871 837 1043 874 nonnulli
1089 838 1284 888 graviores

140 909 335 934 sermones
355 897 518 934 militum
538 897 652 945 vulgo
672 896 803 934 durius
822 897 1085 947 accipiebant:
1121 899 1287 936 nonnul—

139 957 175 993 la
195 957 308 994 etiarn
329 957 377 994 ab
398 957 455 1003 iis,
487 956 549 1008 qui
571 957 836 1007 diligentiores
855 957 975 995 videri
994 959 1186 1004 volebant,
1213 958 1286 996 fin-

139 1018 366 1067 gcbantur.]

196 1077 323 1115 XXX.
393 1078 540 1121 Quibus
561 1078 609 1115 de
629 1078 771 1115 caussis
793 1078 952 1115 consilio
979 1087 1207 1126 convocato,
1239 1080 1288 1119 de

141 1152 288 1176 summa
319 1152 447 1176 rerum
478 1139 690 1175 deliberare
710 1138 855 1188 incipit.
912 1138 1032 1177 Erant
1059 1141 1289 1188 sententiae,

143 1211 241 1248 quae
273 1198 492 1235 conandum
524 1198 700 1235 omnibus
728 1198 865 1244 modis,
894 1208 1094 1250 castraque
1111 1200 1203 1238 Vari
1221 1215 1290 1252 op·-

143 1259 365 1310 pugnanda,
385 1266 612 1296 censerent:
641 1259 758 1308 quod,
778 1258 996 1308 hujusmodi
1016 1260 1178 1298 militum
1198 1274 1290 1299 con·

142 1320 247 1366 siliis,
282 1320 401 1358 otium
434 1320 600 1356 maxime
635 1319 867 1358 contrarium
887 1332 969 1358 esse
1003 1321 1292 1360 arbitrarentur.

142 1382 343 1419 Postremo
363 1389 557 1431 praestare
585 1380 780 1426 dicebant,
809 1393 878 1431 per
896 1381 1076 1418 virtutem
1097 1382 1135 1419 in
1160 1394 1292 1433 pugna

141 1442 232 1479 belli
245 1441 435 1478 fortunam
451 1440 632 1491 experiri,
655 1453 782 1491 quam,
804 1442 976 1479 desertos
995 1449 1035 1479 et
1050 1442 1290 1480 circumven-

144 1510 203 1540 tos
223 1504 269 1540 ab
291 1503 380 1547 suis,
414 1502 677 1552 gravissimum
710 1502 940 1552 supplicium
960 1503 1051 1553 pati.
1107 1503 1229 1542 Porro
1247 1516 1289 1541 e-

144 1571 243 1609 rant,
265 1564 328 1614 qui
350 1570 557 1601 censerent
577 1563 624 1599 de
644 1563 757 1599 tertia
775 1563 904 1612 vigilia
932 1563 969 1600 in
989 1572 1115 1602 castra
1143 1565 1290 1602 Corne-

145 1626 244 1661 liana
276 1624 550 1669 recedendum,
583 1631 638 1668 ut,
667 1625 810 1672 majore
831 1624 955 1674 spatIO
971 1626 1154 1675 temporis
1173 1626 1291 1664 inter·

139 1687 259 1735 =hecto,
275 1685 438 1721 militum
460 1692 606 1721 mentes
622 1692 870 1728 sanarentur;
898 1685 1023 1731 simul,
1043 1687 1074 1722 si
1091 1687 1182 1737 quid
1201 1700 1288 1737 gra·

145 1747 227 1783 vius
247 1746 463 1789 accidisset,
491 1758 631 1794 magna
663 1745 906 1784 multitudine
938 1747 1091 1784 navium
1111 1755 1151 1785 et
1169 1749 1290 1786 tutius

143 1815 183 1844 et
200 1807 348 1844 facilius
368 1807 404 1843 in
441 1806 608 1843 Siciliam
637 1813 817 1857 receptus
837 1807 1007 1845 daretur.

199 1867 345 1905 XXXI.
402 1866 533 1912 Curio,
570 1874 775 1917 utrumque
802 1867 1033 1918 ximprobans
1076 1870 1290 1917 consilium,

145 1936 327 1980 quantum
348 1927 455 1964 alteri
475 1927 689 1965 sententiae
708 1928 859 1965 deesset
878 1929 1007 1974 animi,
1027 1937 1175 1968 tantum
1195 1931 1290 1970 alte·

143 1990 174 2025 ri
189 2000 402 2039 superesse,
423 1987 594 2030 dicebam
616 1988 686 2025 bos
706 1988 945 2038 turpissimae
963 1989 1080 2039 fugae
1101 1991 1289 2030 rationem

143 2049 301 2094 habere,
331 2049 414 2085 illos
436 2049 550 2086 etiam
582 2048 712 2098 iniquo
743 2049 830 2087 loco
850 2049 1110 2088 dimicandum
1141 2059 1290 2102 putare.

145 2114 171 2131 “
187 2110 274 2151 Qua
290 2108 437 2152 enim,”
454 2108 592 2158 inquit,
613 2112 639 2130 “
650 2108 806 2154 fiducia,
827 2117 866 2146 et
879 2122 996 2160 opere
1008 2118 1046 2148 et
1062 2118 1201 2149 natura
1212 2111 1289 2150 loci

147 2173 173 2192 ‘⁴
189 2168 438 2205 munitissima
453 2176 578 2206 castra
590 2169 803 2219 expugnari
820 2183 945 2220 posse,
959 2170 1207 2210 confidimus?
1225 2180 1291 2210 aut

145 2234 172 2254 ⁴⁴
187 2241 280 2266 vero
295 2228 386 2278 quid
399 2228 634 2279 proficimus,
650 2229 695 2274 si,
710 2237 873 2280 accepto
888 2243 1029 2280 magno
1044 2231 1290 2279 detrimento,

147 2294 172 2312 ‘⁴
186 2289 236 2327 ab
250 2289 539 2341 oppugnatione
552 2296 765 2328 castrorum
773 2290 1028 2332 discedimus?
1042 2292 1150 2344 quasi
1162 2305 1240 2332 non
1251 2301 1290 2332 et
