1472 2664
232 281 282 315 66
506 278 580 315 DE
617 278 795 316 BELLO
836 279 1003 317 CIVILI

232 380 510 431 promulgavit;
541 395 668 428 unam,
695 395 769 432 qua
789 383 985 419 mercedes
1011 381 1288 420 habitationum
1308 395 1373 421 an-

233 454 327 479 nuas
347 443 644 480 conductoribus
674 443 849 485 donavi&
882 443 1039 480 alteram
1065 444 1278 480 tabularum
1307 458 1375 481 no-

231 516 385 540 varum:
407 505 628 554 impetuque
649 504 902 541 multitudinis
923 504 960 540 in
982 505 1025 542 C.
1042 504 1276 541 Trebonium
1296 505 1376 542 fac·

232 570 286 609 to,
306 572 344 601 et
366 565 559 601 nonnullis
579 565 800 610 vulneratis,
822 578 908 601 eum
930 565 977 602 de
998 564 1176 602 tribunali
1196 566 1375 603 deturba-

233 624 297 662 vit.
335 625 398 662 De
419 626 556 676 quibus
577 627 689 662 rebus
712 626 892 662 Servilius
912 625 1045 662 consul
1065 625 1113 662 ad
1129 634 1300 664 senatum
1317 639 1377 663 re-

232 686 333 731 tulit,
372 694 603 737 senatusque
626 687 796 724 Coelium
819 687 865 723 ab
887 686 1081 737 republica
1101 687 1375 724 removendum

232 738 393 774 censuit.
447 738 536 775 Hoc
566 738 724 775 decreto
744 752 831 775 eum
852 739 985 775 consul
1015 746 1150 775 senatu
1167 738 1377 788 prohibuit,

232 804 284 842 et,
305 798 525 834 concionari
546 805 764 842 conantem,
785 798 833 835 de
853 798 984 835 rostris
1004 798 1178 835 deduxit.
1215 799 1300 843 Ille,
1320 799 1377 849 ig-

230 857 398 894 nominia
428 866 466 895 et
489 858 619 895 dolore
645 866 855 908 per1n‹)tuS‚
889 858 1011 907 palam
1040 871 1079 895 se
1107 858 1298 908 proficisci
1327 859 1377 896 ad

231 919 433 956 Caesarem
450 919 659 961 simulavit3
678 919 774 955 elam
797 919 946 955 nunciis
965 919 1010 956 ad
1033 919 1219 957 Milonem
1238 920 1376 965 missis,

234 979 334 1030 (qui,
366 979 502 1018 Clodio
531 979 749 1024 interfecto,
779 993 824 1016 eo
853 980 1006 1017 nomine
1036 988 1119 1017 erat
1148 981 1372 1033 damnatus)

229 1048 345 1090 atque
365 1053 412 1077 eo
431 1040 468 1076 in
490 1040 637 1077 Italiam
657 1047 830 1084 evocato,
851 1040 968 1090 quod,
988 1041 1136 1091 magnis
1154 1042 1376 1080 muneribus

229 1101 342 1146 datis,
361 1101 612 1152 gladiatoriae
626 1101 791 1138 familiae
806 1101 984 1152 reliquias
998 1102 1179 1146 habebat,
1198 1102 1268 1140 sibi
1284 1116 1375 1140 con-

225 1161 370 1212 junxit,
389 1169 504 1212 atque
520 1174 606 1199 eum
626 1162 661 1198 in
679 1162 892 1199 Thurinum
908 1162 955 1199 ad
970 1163 1230 1201 sollicitandos
1248 1170 1376 1214 pasto-

231 1235 292 1259 res
310 1222 520 1272 praemisit.
575 1222 676 1273 Ipse,
705 1236 822 1272 quum
843 1223 1052 1260 Casilinum
1072 1223 1251 1268 venisset,
1282 1237 1376 1262 uno-

231 1297 305 1334 que
325 1291 498 1334 tempore
518 1283 628 1333 signa
647 1285 728 1333 ejus
757 1284 934 1321 militaria
961 1291 1076 1334 atque
1095 1297 1200 1322 arma
1220 1285 1376 1336 Capuae

231 1352 359 1383 essent
388 1345 679 1395 comprehensa,
711 1352 750 1382 et
778 1345 919 1382 familia
947 1345 1110 1395 Neapoli
1131 1346 1225 1392 visa,
1259 1353 1375 1396 atque

229 1406 396 1456 proditio
417 1406 547 1456 oppidi
567 1414 791 1456 appareret;
819 1405 1020 1456 patefactis
1040 1406 1222 1452 consiliis,
1241 1407 1376 1446 exclu-

233 1480 296 1504 sus
318 1468 463 1517 Capua,
485 1474 523 1503 et
543 1467 754 1516 periculum
775 1467 932 1510 veritus,
962 1467 1065 1517 quod
1085 1476 1298 1506 conventus
1317 1481 1375 1506 ar-

230 1541 293 1565 ma
313 1534 482 1578 ceperat,
516 1535 632 1578 atque
653 1540 739 1564 eum
759 1527 879 1564 hostis
898 1527 983 1564 loco
1004 1528 1222 1565 habendum
1243 1529 1375 1566 existi-

229 1588 372 1632 mabat,
393 1587 553 1624 consilio
574 1587 734 1631 destitit,
763 1594 879 1637 atque
898 1601 944 1625 eo
965 1588 1100 1625 itinere
1121 1601 1205 1625 sese
1224 1590 1374 1627 avertit.

283 1648 412 1685 XXII.
467 1648 626 1686 Interim
660 1649 772 1693 Milo,
806 1648 967 1685 dimissis
996 1649 1139 1686 circum
1169 1651 1377 1701 municipia

231 1711 365 1756 literis,
394 1724 453 1756 ea,
485 1723 583 1760 quae
612 1710 770 1755 faceret,
798 1712 907 1760 jussu
927 1718 1042 1760 atque
1062 1710 1221 1761 imperio
1248 1711 1375 1750 facere

232 1772 421 1822 Pompeii,
443 1784 540 1822 quae
560 1771 739 1808 mandata
757 1771 805 1808 ad
825 1784 865 1808 se
884 1784 952 1821 per
972 1771 1150 1808 Bibulum
1170 1772 1297 1810 delata
1316 1786 1375 1811 es-

231 1840 339 1875 sent;
369 1845 464 1883 quos
484 1845 533 1869 ex
553 1845 642 1869 aere
663 1832 787 1869 alieno
806 1831 980 1869 laborare
1000 1832 1271 1879 arbitrabatur,
1302 1835 1376 1872 sol-

232 1893 417 1930 licitabat.
473 1893 591 1943 Apud
620 1906 715 1943 quos
743 1905 858 1943 quum
886 1893 1073 1943 proficere
1102 1893 1193 1930 nihil
1223 1903 1376 1944 posset;

231 1955 458 2004 quibusdam
478 1953 612 1991 solutis
631 1953 845 2002 ergastulis,
873 1954 1011 1991 Cosam
1032 1954 1069 1990 in
1089 1967 1182 2003 agro
1202 1955 1375 1994 Thurino

232 2028 457 2066 oppugnare
488 2015 629 2064 coepit.
685 2014 742 2051 Eo
771 2028 888 2064 quum
908 2027 930 2051 a
948 2016 996 2056 Q.
1024 2014 1168 2052 Paedio
1200 2023 1377 2066 praetore

231 2089 319 2113 cum
352 2076 504 2126 legione
548 2079 571 2100 ²*
610 2079 633 2101 ἦ
674 2075 800 2126 lapide
821 2075 919 2113 ictus
939 2089 988 2113 ex
1008 2089 1134 2122 muro,
1162 2077 1305 2127 periit:
1338 2086 1378 2116 et

232 2136 401 2180 Coelius,
429 2135 639 2186 profectus,
668 2142 711 2173 ut
729 2136 943 2182 dictitabat,
971 2137 1019 2174 ad
1040 2137 1260 2183 Caesarem,
1287 2151 1375 2189 per-

230 2197 335 2235 venit
369 2196 553 2239 Thurios;
586 2197 665 2241 ubi,
698 2210 814 2247 quum
847 2198 1031 2248 quosdam
1063 2199 1146 2248 ejus
1178 2199 1376 2250 municipii

231 2258 468 2302 sollicitaret,
497 2257 766 2308 equitibusque
794 2258 968 2296 Caesaris
997 2258 1119 2296 Gallis
1138 2266 1254 2310 atque
1283 2259 1376 2297 His-

230 2318 354 2370 panis,
388 2318 452 2369 qui
472 2331 518 2356 eo
533 2319 711 2369 praesidii
739 2331 874 2358 caussa
892 2319 996 2358 missi
1016 2327 1141 2368 erant,
1172 2321 1374 2372 pecuniam
