1472 2664
584 255 749 294 LIBER
803 255 834 293 1.
1232 258 1255 292 3

104 366 311 397 sumserat:
346 371 500 410 pecora,
535 360 639 410 quod
657 359 868 397 secundum
896 363 1047 408 poterat
1066 369 1150 394 esse
1167 357 1250 394 ino·

100 420 187 471 piae
202 419 426 465 subsidium,
446 428 603 471 propter
617 421 762 458 bellum
776 419 959 457 finitimae
975 419 1148 456 civitates
1166 418 1249 456 lon-

99 480 184 530 gius
216 489 479 518 removerant:
513 481 577 531 qui
609 488 718 518 erant
749 479 959 530 pabulandi
984 486 1050 516 aut
1079 478 1249 516 frumen-

99 541 206 578 tandi
226 553 361 578 caussa
388 541 595 592 progressi,
625 541 694 578 hos
713 541 806 578 levis
825 547 1039 577 armaturae
1060 539 1248 585 Lusitani,

95 601 286 652 peritique
305 614 437 639 earum
456 602 656 652 regionum
674 601 813 639 cetrati
828 600 1017 638 citerioris
1033 599 1246 650 Hispaniae

99 663 436 708 consectabantur,
451 662 589 713 quibus
602 669 685 699 erat
698 661 866 712 proclive
882 669 1078 698 transnare
1090 661 1247 705 flumen,

97 722 203 773 quod
222 723 462 760 consuetudo
490 735 623 760 eorum
643 722 813 760 omniurn
831 729 903 768 est,
937 729 979 759 ut
997 722 1078 759 sine
1099 722 1248 759 utribus

102 783 153 820 ad
173 784 389 821 exercitum
409 797 486 821 non
506 791 609 822 cant.

153 844 300 882 XLIX.
342 845 398 882 At
416 845 613 882 exercitus
632 844 784 881 Afranii
799 844 968 882 omnium
987 857 1114 882 rerum
1129 845 1248 882 abun-

100 905 216 943 dabat
243 905 366 956 copia.
421 905 592 944 Multum
612 914 695 944 erat
722 905 956 943 frumentum
989 905 1184 956 provisum
1210 912 1251 942 et

98 975 330 1005 convectum
349 967 608 1018 superioribus
628 967 866 1017 temporibus
883 981 891 1003 :
921 967 1083 1004 multum
1102 979 1152 1004 ex
1168 979 1248 1003 om—

97 1028 136 1064 ni
155 1028 353 1079 provincia
371 1029 708 1079 comportabatur:
727 1040 866 1078 magna
881 1028 993 1078 copia
1010 1027 1140 1078 pabuli
1160 1039 1249 1077 sup-

96 1090 267 1139 petebat.
323 1089 474 1127 Harum
502 1102 630 1127 rerum
649 1089 818 1126 omniurn
837 1088 1041 1126 facultates
1061 1088 1142 1125 sine
1171 1088 1248 1125 ullo

96 1149 271 1199 periculo
291 1163 388 1201 pons
407 1150 559 1188 Ilerdae
578 1150 801 1201 praebebat,
821 1158 861 1187 et
878 1150 966 1187 loca
984 1155 1088 1187 trans
1103 1149 1248 1187 flumen

97 1209 263 1261 integra,
283 1224 360 1262 quo
382 1212 538 1250 omnino
558 1206 710 1249 Caesar*
719 1211 824 1249 adire
844 1224 922 1248 non
934 1218 1106 1262 ‚poterat-

145 1271 194 1308 L.
248 1272 336 1310 Hae
356 1281 649 1323 permanserunt
663 1284 785 1323 aquae
805 1271 886 1310 dies
906 1272 1135 1322 complures.
1173 1272 1248 1309 Co-

95 1339 207 1370 natus
227 1340 287 1371 est
306 1334 448 1371 Caesar
466 1333 625 1372 reficere
644 1341 794 1384 pontes.
826 1333 895 1370 sed
914 1346 986 1371 nec
1018 1333 1246 1383 magnitudo

94 1394 262 1431 fluminis
290 1395 553 1445 permittebat,
586 1407 712 1445 neque
732 1395 781 1432 ad
799 1395 921 1445 ripam
947 1395 1155 1446 dispositae
1182 1408 1247 1432 co-

93 1453 225 1491 hortes
243 1454 547 1492 adversariorum
574 1455 707 1505 perfici
735 1455 1004 1505 patiebantur:
1043 1455 1146 1506 quod
1173 1455 1246 1492 illis

93 1515 297 1565 prohibere
317 1522 399 1553 erat
418 1515 545 1561 facile,
576 1524 657 1554 turn
678 1517 794 1567 ipsius
814 1516 980 1554 fluminis
1006 1524 1156 1564 natura,
1189 1526 1246 1555 at·

95 1588 170 1626 que
201 1588 325 1627 aquae
354 1576 634 1627 magnitudine,
667 1585 748 1614 tum
769 1578 872 1628 quod
900 1590 950 1615 ex
971 1578 1062 1615 totis
1095 1578 1185 1628 ripis
1208 1578 1246 1615 in

93 1649 212 1674 unum
231 1646 347 1688 atque
366 1646 572 1688 angustum
591 1639 720 1676 locum
740 1638 818 1676 tela
832 1639 1099 1688 jaciebantur3
1129 1647 1245 1690 atque

93 1704 179 1735 erat
209 1697 376 1744 difficile,
409 1698 545 1736 eodem
578 1706 766 1750 tempore,
799 1700 1038 1751 rapidissimo
1071 1700 1244 1747 flumine,

93 1772 212 1810 opera
230 1760 417 1811 perficere
436 1767 476 1798 et
494 1760 572 1797 tela
591 1760 724 1798 vitare.

143 1819 212 1857 LI.
259 1820 476 1858 Nunciatur
493 1820 655 1858 Afranio
670 1834 828 1872 magnos
848 1822 1067 1868 comitatus,
1087 1822 1152 1873 qui
1172 1821 1244 1860 iter

92 1881 288 1919 habebant
307 1882 358 1919 ad
375 1882 594 1928 Caesarem,
613 1882 662 1920 ad
680 1882 824 1920 flumen
845 1883 1074 1921 constitisse.
1117 1883 1244 1921 Vene-

91 1950 178 1980 rant
197 1955 244 1980 eo
270 1943 456 1992 sagittarii
475 1957 525 1981 ex
546 1943 723 1990 Rutenis,
751 1945 899 1995 equites
918 1957 967 1981 ex
988 1944 1128 1990 Gallia,
1155 1957 1243 1982 cum

92 2002 222 2040 multis
241 2004 359 2042 carris
378 2004 603 2055 magnisque
622 2005 920 2056 impedimentis,
942 2013 983 2043 ut
996 2005 1072 2042 fert
1092 2005 1244 2044 Gallica

91 2065 345 2102 consuetudo.
398 2064 520 2104 Erant
547 2073 748 2116 praeterea
775 2068 961 2117 cujusque
990 2066 1143 2117 generis
1172 2067 1242 2104 ho-

91 2124 237 2162 minum
256 2126 375 2164 millia
394 2126 550 2164 circiter
570 2139 614 2164 vr
636 2139 723 2164 curn
751 2128 883 2174 servis,
913 2128 1143 2179 liberisque;
1175 2129 1243 2167 sed

91 2186 219 2224 nullus
236 2187 345 2233 ordo,
366 2187 511 2225 nullum
526 2188 727 2238 imperIum
745 2196 906 2235 certum,
923 2202 1040 2240 quum
1057 2202 1125 2227 suo
1141 2190 1243 2240 quis-

92 2259 167 2296 que
187 2248 347 2286 consilio
366 2255 554 2295 uteretur,
574 2257 690 2300 atquc
706 2262 839 2287 omnes
858 2250 939 2288 sine
952 2251 1088 2288 timore
1101 2251 1174 2288 iter
1187 2251 1243 2289 fa-

92 2315 241 2355 cerent,
270 2308 327 2347 usi
346 2309 586 2360 superiorum
605 2319 824 2362 temporum
850 2318 966 2363 atque
995 2311 1175 2350 itinerum
1199 2313 1243 2349 li-
