1472 2664
172 247 221 283 32
474 243 548 279 DE
590 242 766 280 BELLO
807 239 973 280 CIVILI

170 345 317 390 diebus,
349 346 487 382 nostris
511 345 793 394 languentibus,
824 353 938 394 atque
965 344 1089 380 animo
1122 341 1298 384 remissis,

169 405 311 450 subito,
342 406 549 442 meridiano
580 413 764 454 tempore,
791 418 906 454 quum
926 404 1020 440 alius
1049 403 1296 445 discessisset,

169 465 264 502 alius
283 476 331 501 ex
358 464 504 502 diutino
523 465 652 501 labore
672 465 709 500 in
729 464 819 514 ipsis
839 464 1014 514 operibus
1033 463 1151 512 quieti
1173 476 1212 500 se
1233 463 1298 499 de-

169 524 300 568 disset,
319 537 422 561 arma
436 537 525 562 vero
545 524 670 562 omnia
689 525 854 574 reposita
872 532 1126 574 contectaque
1146 531 1273 561 essent
1292 541 1301 566 ;

169 585 287 634 portis
306 598 346 622 se
374 585 476 622 foras
496 592 712 635 erumpunt,
745 584 914 623 secundo
945 597 1158 634 magnoque
1185 593 1299 622 vento

169 644 297 694 ignem
326 644 504 694 operibus
523 644 701 682 inferunt.
755 643 873 680 I-Iune
897 643 951 680 sic
979 643 1124 680 distulit
1151 651 1300 689 ventus,

168 703 225 740 uti
239 716 313 741 uno
329 711 500 753 tempore
515 717 645 753 agger,
665 703 796 754 plutei,
811 703 976 748 testudo,
992 704 1117 748 turris,
1134 711 1298 741 tormen-

170 771 222 808 ta,
242 764 430 802 flammam
446 765 707 814 conciperent,
727 772 765 801 et
785 764 886 813 prius
907 764 1000 800 llaec
1020 764 1145 800 onmia
1165 776 1302 801 consu·

170 833 378 870 merentur,
420 839 545 875 quam,
565 825 881 874 quemadmodum
901 824 1114 869 accidisset,
1134 824 1301 862 animad-

169 885 266 922 verti
286 892 428 935 posset.
483 886 628 930 Nostri,
656 886 855 935 repentina
872 885 1024 922 fortuna
1043 885 1217 934 permoti,
1245 897 1304 921 ar-

170 957 246 990 ma,
267 958 363 996 quae
382 954 553 995 possunt,
573 946 780 996 arripiunt:
808 945 869 982 alii
890 958 938 982 ex
959 945 1089 983 castris
1109 957 1190 981 sese
1210 944 1304 984 inci-

170 1012 277 1042 tant:
309 1006 352 1042 fit
370 1006 410 1042 in
429 1006 558 1044 hostes
579 1006 763 1055 impetus3
790 1005 856 1042 sed
889 1018 1010 1050 muro,
1038 1005 1198 1055 sagittis,
1227 1013 1304 1045 tor·

171 1066 398 1116 mentisque,
426 1066 617 1115 fugientes
636 1066 811 1116 persequi
841 1066 1102 1115 prohibentur.
1154 1065 1214 1101 Illi
1234 1066 1304 1105 sub

170 1139 321 1163 murum
349 1139 390 1164 se
409 1126 620 1176 recipiuntz,
648 1126 774 1175 ibique
794 1125 1006 1163 musculum
1026 1126 1234 1175 turrimque
1253 1126 1306 1163 la-

171 1186 336 1226 ter-itiam
367 1186 485 1225 libere
517 1185 740 1223 incendunt.
794 1185 854 1222 Ita
882 1185 1086 1223 multorum
1122 1186 1307 1226 mensium

172 1246 294 1293 labor,
312 1247 479 1285 hostium
493 1246 663 1297 perfidia,
683 1254 723 1283 et
737 1246 771 1282 vi
788 1246 1037 1296 tempestatis,
1057 1254 1199 1295 puncto
1213 1254 1308 1285 tem-

171 1307 275 1357 poris
306 1307 462 1345 interiit.
516 1307 778 1346 Tentaverunt
809 1307 883 1345 hoc
915 1306 1017 1343 idem
1047 1307 1308 1345 Massilienses

173 1374 326 1417 postero
346 1367 406 1403 die
423 1381 433 1403 ι
461 1367 620 1404 eandem
650 1367 752 1409 nacti
770 1373 1050 1416 tempestatem,
1069 1366 1202 1415 majori
1223 1380 1309 1417 cunl

173 1427 314 1466 fiducia
327 1427 374 1464 ad
389 1427 544 1464 alteram
564 1434 706 1464 turrem
721 1440 978 1477 aggeremque
996 1427 1195 1477 eruptione
1212 1440 1310 1477 pug-

174 1495 374 1533 naverunt,
394 1488 631 1538 multumque
651 1487 777 1537 ignem
797 1487 1021 1524 intulerunt.
1077 1487 1166 1533 Sed,
1187 1495 1228 1525 ut
1247 1500 1308 1525 su-

172 1547 332 1598 perioris
362 1548 544 1598 temporis
573 1548 858 1586 contentionem
888 1548 1009 1585 nostri
1027 1560 1178 1587 onmem
1195 1548 1311 1585 memi-

172 1615 315 1654 serant,
336 1609 401 1654 ita,
421 1608 585 1659 proximi
605 1608 680 1645 diei
699 1621 789 1645 casu
808 1608 1005 1653 admoniti,
1033 1609 1160 1645 onmia
1178 1607 1227 1649 ad
1245 1608 1311 1649 de-

174 1668 384 1706 fensionem
405 1678 640 1719 paraverant.
694 1669 842 1719 ltaque,
861 1669 989 1709 multis
1008 1667 1231 1714 interfectis,
1248 1680 1310 1705 re—

172 1729 310 1779 liquos,
339 1729 481 1766 infectu
500 1742 555 1774 re,
576 1729 614 1766 in
635 1729 814 1779 oppidum
836 1729 1068 1778 repulerunt.

225 1790 311 1826 XV.
366 1789 580 1826 Trebonius
599 1802 657 1833 ea,
686 1802 783 1840 quae
808 1798 895 1826 sunt
915 1790 1063 1834 amissa,
1090 1789 1211 1829 multo
1235 1801 1312 1831 ma-

170 1852 255 1900 jore
275 1850 401 1887 studio
421 1850 583 1888 militum
615 1850 877 1888 administrare
898 1856 936 1887 et
954 1850 1112 1887 reficere
1140 1849 1316 1889 instituit.

175 1909 290 1955 Nam,
310 1911 373 1948 ubi
393 1918 517 1948 tantos
536 1923 623 1947 suos
641 1910 789 1947 labores
809 1917 848 1948 et
874 1918 1075 1959 apparatus
1093 1910 1191 1948 male
1211 1909 1315 1949 ceci·

176 1971 275 2008 disse
295 1970 486 2016 viderunt,
514 1971 754 2020 induciisque
781 1983 849 2020 per
869 1971 992 2008 scelus
1019 1970 1180 2014 violatis,
1207 1981 1317 2011 suam

174 2031 354 2068 virtutem
375 2030 498 2068 irrisui
516 2030 598 2068 fore
618 2031 910 2081 perdoluerunt;
937 2030 1053 2080 quod,
1074 2030 1175 2068 unde
1194 2043 1313 2079 agger

176 2091 331 2129 omnino
352 2091 584 2141 comportari
604 2099 745 2141 posset,
764 2091 856 2129 nihil
876 2098 957 2128 erat
976 2089 1316 2140 reliquumromni-

178 2151 248 2188 bus
276 2151 474 2187 arboribus
492 2151 606 2200 longe
626 2151 779 2200 lateque
799 2151 836 2187 in
865 2150 1002 2189 finibus
1022 2149 1317 2188 Massiliensium

180 2211 333 2255 excisis,
363 2218 401 2247 et
424 2211 652 2253 >convectis3
685 2224 864 2261 aggerem
893 2211 981 2248 novi
1010 2210 1175 2261 generis,
1203 2218 1318 2261 atque

181 2270 407 2316 inauditum,
433 2284 483 2308 ex
503 2270 676 2311 lateritiis
696 2271 843 2307 duobus
870 2270 999 2317 nun-is,
1027 2283 1159 2307 senum
1175 2268 1320 2320 ,pedum
