1472 2664
537 269 701 307 LIBER
753 269 785 307 1.
1172 272 1214 307 11

90 372 223 410 itinere
241 371 499 423 prohiberent,
519 371 589 421 ipsi
604 372 684 409 sine
702 371 888 423 periculo,
903 382 947 409 ac
962 370 1112 416 timore,
1130 370 1217 408 lbe-

89 445 172 470 rum
197 432 323 483 copias
341 431 653 469 transducerent:
689 431 792 483 quod
809 431 881 469 fuit
898 431 970 468 illis
989 431 1216 476 conandum,

85 500 201 543 atque
220 491 321 529 omni
338 491 483 529 ratione
503 491 753 529 efficiendum.
791 491 881 537 Sed,
901 490 1017 528 totius
1035 490 1110 528 diei
1121 503 1218 541 pug-

87 565 135 589 na
153 560 267 603 atque
298 551 442 588 itineris
459 551 588 588 labore
609 551 761 597 defessi,
788 564 868 589 rem
886 551 924 588 in
943 558 1136 601 posterum
1163 551 1219 587 di·

86 624 146 649 em
165 611 404 649 distulerunt.
457 611 597 648 Caesar
609 623 760 662 quoque
775 611 813 647 in
831 610 1006 661 proximo
1020 609 1117 648 colle
1137 622 1217 647 cas-

86 679 144 709 tra
161 672 279 722 ponit.
482 702 488 706 .

135 730 278 768 LXVI.
331 730 464 769 Media
492 731 644 769 circiter
674 738 788 769 nocte
817 731 876 777 iis,
910 730 974 781 qui
1005 729 1219 781 adaquandi

85 803 219 829 caussa
252 791 402 841 longius
430 804 452 829 a
481 791 612 830 castris
640 798 919 842 processerant,
948 791 995 828 ab
1028 790 1219 841 equitibus

86 851 284 902 correptis,
312 852 356 888 fit
374 852 421 889 ab
448 852 508 889 his
526 852 666 890 certior
691 853 844 898 Caesar,
876 851 997 889 duces
1012 850 1220 888 adversari·

85 925 192 949 orum
211 912 360 949 silentio
385 912 514 963 copias
534 912 666 949 castris
685 912 862 950 educere.
928 912 1014 953 Quo
1048 911 1217 961 cognito,

84 973 231 1022 signum
251 972 332 1009 dari
346 973 469 1021 jubet,
500 980 539 1010 et
557 985 645 1009 vasa
668 972 820 1013 militari
851 984 957 1010 more
976 971 1218 1009 conclamari.

84 1032 159 1078 Illi,
191 1032 371 1069 exaudito
391 1031 570 1077 clamore,
598 1032 722 1078 veriti,
754 1044 802 1069 ne
822 1039 938 1069 noctu
958 1030 1128 1081 impediti
1148 1032 1217 1068 sub

84 1104 199 1129 onere
218 1091 424 1141 confligere
444 1099 687 1141 cogerentur,
712 1100 778 1129 aut
796 1105 844 1129 ne
862 1092 909 1129 ab
929 1091 1101 1142 equitatu
1122 1091 1218 1128 Cae-

83 1151 174 1189 saris
192 1151 230 1188 in
249 1151 431 1201 angustiis
459 1159 694 1197 tenerentur,
725 1152 798 1189 iter
827 1151 1082 1202 supprimunt,
1115 1151 1219 1201 copi-

82 1225 200 1263 asque
218 1212 255 1248 in
276 1212 406 1249 castris
425 1212 635 1249 continent.
678 1212 838 1250 Postero
853 1212 915 1249 die
934 1211 1110 1249 Petreius
1129 1224 1217 1249 cum

80 1272 211 1324 paucis
229 1271 419 1322 equitibus
437 1272 589 1310 occulte
614 1271 663 1309 ad
681 1272 918 1323 exploranda
935 1273 1019 1310 loca
1046 1273 1216 1322 proficis-

80 1332 190 1369 citur.
226 1331 299 1369 hoc
330 1331 430 1368 idem
449 1331 492 1368 fit
509 1344 559 1369 ex
578 1331 710 1369 castris
729 1332 916 1370 Caesaris.
981 1332 1151 1369 Mittitur
1168 1332 1215 1369 L.

80 1392 265 1430 Decidius
286 1392 386 1429 Saxa
413 1405 499 1429 cum
517 1392 662 1442 paucis,
690 1392 752 1442 qui
772 1392 847 1430 loci
878 1400 1052 1430 naturam
1071 1393 1216 1443 perspi-

79 1452 168 1490 ciat.
223 1452 394 1502 Uterque
409 1452 510 1489 idem
524 1452 600 1489 suis
619 1453 833 1498 renunciat,
863 1467 885 1489 v
904 1453 1021 1490 millia
1038 1466 1216 1503 passuum

77 1512 252 1563 proxima
270 1511 507 1550 intercedere
525 1512 670 1549 itineris
690 1512 934 1563 campestris;
955 1512 1044 1549 inde
1059 1512 1215 1564 excipe-

77 1582 119 1607 re
137 1570 223 1607 loca
247 1581 381 1619 aspera
408 1577 447 1607 et
473 1577 699 1608 montuosa:
733 1572 796 1622 qui
815 1572 918 1622 prior
935 1572 1003 1609 has
1021 1572 1216 1622 angustias

76 1630 335 1680 occupaverit,
368 1631 414 1667 ab
434 1630 509 1668 hoc
540 1630 690 1668 hostem
716 1631 908 1682 prohiberi
935 1631 1028 1668 nihil
1048 1644 1130 1669 esse
1148 1644 1214 1670 ne-

74 1689 181 1739 gotii.

125 1749 290 1786 LXVII.
334 1750 564 1801 Disputatur
582 1751 620 1788 in
640 1751 798 1789 consilio
816 1765 838 1790 a
857 1751 1010 1791 Petreio
1030 1760 1069 1791 et
1099 1752 1213 1792 Afra-

74 1809 152 1855 nio,
171 1817 210 1848 et
229 1816 379 1861 tempus
398 1810 643 1861 profectionis
663 1812 869 1862 quaeritur.
924 1812 1103 1862 Plerique
1122 1825 1211 1850 cen-

77 1871 225 1916 sebant,
255 1877 298 1907 ut
315 1877 431 1908 noctu
448 1871 519 1908 iter
535 1871 708 1909 facerent
722 1885 734 1908 :-
758 1885 869 1922 posse
887 1873 990 1923 prius
1008 1873 1056 1910 ad
1075 1885 1214 1923 angus-

72 1930 143 1967 tias
162 1930 295 1976 veniri,
314 1943 426 1981 quam
446 1931 690 1969 sentirentur.
745 1933 837 1977 Alii,
857 1932 959 1982 quod
977 1933 1101 1982 pridie
1121 1946 1213 1970 noc-

71 1998 112 2027 tu
132 1990 410 2028 conclamatum
439 1998 540 2028 esset
558 1991 596 2027 in
616 1992 749 2028 castris
779 1992 965 2038 Caesaris,
995 1994 1212 2042 argumenti

71 2051 270 2088 sumebant
289 2050 389 2096 loco,
425 2063 502 2087 non
534 2063 644 2100 posse
677 2052 774 2089 clam
806 2052 902 2089 exiri
920 2066 929 2089 :
957 2052 1211 2090 circumfundi

69 2117 186 2147 noctu
204 2111 414 2160 equitatum
435 2111 622 2156 Caesaris,
640 2118 755 2162 atque
775 2112 902 2149 omnia
915 2112 1001 2150 loca
1018 2120 1133 2163 atque
1150 2114 1209 2150 iti-

71 2182 162 2207 nera
175 2170 339 2208 obsideri
355 2184 365 2207 :
385 2178 648 2222 nocturnaque
667 2172 811 2222 proelia
828 2185 911 2210 esse
925 2173 1092 2218 vitanda,
1108 2174 1211 2223 quod

71 2230 295 2280 perterritus
327 2230 434 2268 miles
464 2230 502 2267 in
532 2231 630 2268 civili
663 2232 898 2270 dissensione
929 2233 1056 2270 timori
1076 2234 1210 2283 magis,

69 2302 182 2341 quam
211 2291 399 2342 religioni,
429 2291 628 2329 consulere
647 2293 862 2330 consuerit:
898 2300 938 2330 at
962 2293 1089 2331 lucem
1113 2294 1209 2332 mul-
