1472 2664
282 275 357 314 DE
384 275 560 314 BELLO
590 275 766 314 AFRIC.
792 275 968 315 LIBER.
1122 280 1193 316 181

72 379 156 424 bus,
182 390 223 415 se
255 377 493 428 recipientes,
519 378 739 416 novissimos
757 378 910 424 adoriri,
941 385 981 415 et
998 377 1196 428 impedire,

69 444 290 488 coeperunt,
309 451 384 488 quo
402 438 525 476 minus
544 439 582 475 in
602 446 726 476 castra
757 451 797 476 se
826 437 1053 488 reciperent.
1105 437 1195 475 Hac

69 512 110 536 re
128 498 398 544 animadversa,
431 499 572 537 Caesar
585 500 697 548 jubet
722 499 830 549 signa
847 497 1032 543 converti,
1058 505 1099 535 et
1116 511 1196 535 me-

64 558 131 596 dio
162 570 296 608 campo
327 558 586 609 redintegrare
605 558 803 609 proelium.
856 559 983 600 Quum
1011 557 1059 594 ab
1078 557 1196 594 hosti-

65 620 137 656 bus
156 619 289 656 eodem
310 619 423 656 modo
442 626 676 669 pugnaretur
696 634 706 662 ;
731 631 804 656 nec
823 617 1033 655 comminus
1049 617 1099 654 ad
1117 630 1195 654 ma-

66 690 136 715 nus
156 677 365 721 redii-etun
392 678 639 728 Caesarisque
666 678 814 728 equites
828 679 1015 727 jumenta,
1035 689 1084 713 ex
1104 688 1197 714 nau-

63 751 128 776 sea
145 739 304 783 recenti,
338 738 413 784 siti,
432 739 628 787 languore,
647 738 853 788 paucitate,
881 737 1111 782 vulneribus,
1130 737 1196 774 de-

63 797 233 847 fatigata,
261 798 309 835 ad
328 798 601 848 insequendum
627 797 775 835 hostem
802 798 1195 848 perseverandumque

62 870 212 896 cursum
240 858 404 895 tardiora
431 859 641 902 haberent;
675 857 826 908 dieique
845 870 931 908 pars
961 857 1101 907 exigua
1114 859 1195 907 jam

61 918 206 968 reliqua
234 925 357 955 esset:
396 918 618 956 cohortibus
650 918 916 968 equitibusque
936 917 1194 963 circumdatis,

61 977 293 1023 cohortatus,
313 979 486 1028 imperat,
506 987 546 1015 ut
565 991 641 1015 uno
655 978 734 1017 ictu
753 977 1044 1023 contenderent,
1065 989 1190 1027 neque

58 1038 314 1084 remitterent,
340 1039 464 1076 donec
484 1038 581 1076 ultra
617 1039 770 1076 ultimos
797 1038 914 1075 colles
931 1038 1061 1074 hostes
1079 1050 1193 1087 repu-

62 1097 205 1142 lissent,
225 1108 339 1149 atque
357 1111 489 1136 eorum
508 1106 634 1136 essent
651 1097 776 1148 potiti.
831 1097 982 1147 Itaque,
1000 1097 1109 1147 signo
1127 1097 1194 1135 da-

59 1164 113 1203 to,
156 1171 272 1208 quum
302 1160 381 1208 jam
409 1159 538 1196 hostes
565 1158 744 1209 languide
771 1157 848 1196 tela
874 1159 1191 1209 negligenterque

59 1218 267 1265 mitterent,
295 1219 421 1257 subito
458 1219 625 1257 immittit
658 1219 834 1257 cohortes
867 1226 1086 1270 turmasque
1104 1233 1192 1257 suo-

53 1292 162 1322 rum:
202 1287 330 1330 atque,
359 1288 502 1330 puncto
521 1280 702 1330 temporis
722 1280 891 1318 hostibus
910 1280 1014 1317 nullo
1033 1280 1190 1330 negotio

57 1352 195 1390 campo
213 1340 343 1390 pulsis,
377 1347 463 1390 post
482 1340 696 1390 collemque
723 1340 895 1390 dejectis,
923 1340 1025 1378 nacti
1051 1341 1191 1387 locum,

58 1407 174 1450 atque
193 1401 244 1437 ibi
263 1401 469 1452 paullisper
484 1400 720 1446 commorati,
739 1400 793 1438 ita
810 1401 863 1437 uti
877 1408 986 1438 erant
1004 1400 1192 1448 instructi,

56 1460 194 1498 leniter
211 1473 250 1498 se
270 1461 316 1498 ad
337 1474 424 1498 suas
443 1461 632 1511 recipiunt
651 1461 880 1499 munitiones
899 1475 908 1498 z
937 1461 1104 1512 itemque
1124 1462 1190 1499 ad-

56 1520 223 1566 versarii,
250 1520 347 1558 male
366 1521 528 1571 accepti,
560 1528 641 1558 tum
660 1521 812 1559 demum
831 1533 871 1559 se
890 1521 938 1559 ad
956 1533 1024 1558 sua
1050 1522 1190 1572 praesi-

52 1580 114 1618 dia
133 1581 389 1619 contulerunt.

107 1641 215 1678 XIX.
268 1641 440 1686 Interim,
460 1654 504 1678 ea
524 1655 564 1679 re
582 1649 702 1691 gesta,
722 1648 760 1678 et
779 1641 923 1692 proelio
941 1642 1117 1687 diremto,
1141 1655 1190 1680 ex

58 1701 278 1739 adversariis
290 1701 475 1752 ,perfugae
491 1702 630 1752 plures,
647 1715 694 1739 ex
710 1703 811 1740 omni
825 1715 967 1752 genere
980 1703 1190 1749 hominum,

55 1768 95 1798 et
108 1768 309 1812 praeterea
329 1763 528 1813 intercepti
549 1762 712 1800 hostIum
731 1762 945 1812 complures
959 1762 1106 1812 equites
1124 1776 1190 1812 pe-

55 1821 251 1873 ditesque:
280 1836 328 1860 ex
348 1823 483 1873 quibus
501 1823 696 1872 cognitum
716 1832 774 1860 est
792 1823 956 1860 hostium
975 1822 1188 1868 consilium,

57 1894 122 1920 eos
140 1882 213 1920 hac
231 1890 360 1920 mente
379 1891 417 1921 et
437 1890 577 1921 conatu
596 1884 756 1929 venisse,
785 1884 844 1936 uti·
858 1896 955 1920 novo
973 1891 1088 1933 atque
1105 1882 1186 1920 inu·

51 1941 164 1980 sitato
182 1955 323 1993 genere
351 1943 483 1993 proelii
503 1944 644 1981 tirones
674 1942 946 1993 legionariique
965 1942 1075 1992 pauci
1102 1955 1188 1992 per-

60 2003 214 2049 turbati,
243 2003 421 2040 Curionis
449 2003 638 2053 exemplo,
671 2004 717 2040 ab
743 2002 912 2052 equitatu
941 2001 1188 2039 circumventi

54 2062 358 2112 opprimerentur
375 2077 383 2100 :
418 2071 458 2100 et
475 2063 529 2100 ita
547 2063 759 2100 Labienum
778 2062 917 2100 dixisse
946 2074 1013 2112 pro
1032 2062 1187 2100 concio·

55 2135 120 2168 ne,
148 2130 290 2160 tantam
309 2136 390 2160 sese
410 2123 690 2161 multitudinem
714 2123 940 2160 auxiliorum
967 2122 1188 2160 adversariis

56 2182 439 2228 subministraturum,
460 2191 502 2220 ut
519 2184 634 2221 etiam
654 2183 850 2221 caedendo
876 2184 912 2220 in
932 2183 1012 2234 ipsa
1029 2182 1187 2220 victoria

56 2242 254 2294 defatigati
283 2244 540 2290 vincerentur,
578 2251 692 2295 atque
724 2257 746 2281 a
780 2244 856 2282 suis
892 2251 1161 2294 superarentur
1177 2255 1186 2279 :

56 2302 195 2354 quippe
214 2303 331 2354 quiin
350 2303 499 2341 illorum
518 2304 588 2342 sibi
607 2305 817 2343 confideret
836 2302 1094 2347 multitudine3
1113 2302 1187 2353 pri-
