1472 2664
262 247 335 284 182
692 246 744 283 A.
782 243 960 282 HIRTII

251 360 370 394 mum,
398 347 500 398 quod
529 347 699 385 audierat
719 348 864 385 Romae
890 346 1060 397 legiones
1087 351 1283 383 veteranas
1309 344 1383 382 dis*

253 408 409 453 sentire,
428 420 552 458 neque
568 408 605 444 in
621 407 791 445 Africam
809 408 906 445 velle
922 407 1098 448 transire;
1117 405 1268 452 deinde,
1287 405 1389 456 quod

253 467 418 505 triennio
441 468 478 504 in
500 467 632 505 Africa
650 480 737 505 suos
755 467 893 504 milites
921 466 1197 504 consuetudine
1216 472 1386 503 retentos

253 527 386 565 fideles
400 528 469 565 sibi
485 530 563 577 jam
579 528 778 574 effecisset,
798 528 964 565 maxima
977 535 1104 565 autem
1119 527 1259 565 auxilia
1274 528 1391 564 habe-

251 595 312 625 ret
331 588 582 625 Numidarum
603 589 789 639 equitum,
808 588 976 638 levisque
995 595 1220 625 armaturae.
1275 587 1391 625 Prae-

250 655 357 685 terea
375 661 423 685 ex
446 649 537 699 fuga
562 649 784 700 proelioque
808 649 1039 699 Pompeiano
1059 648 1265 693 Labienus,
1295 660 1391 698 quos

251 721 381 746 secum
402 722 424 745 a
439 709 641 746 Brundisio
657 716 991 760 transportaverat,
1011 708 1158 758 equites
1177 708 1392 747 Germanos

254 769 477 819 Gallosque,
499 770 626 819 ibique
642 777 774 820 postea
789 783 838 807 ex
855 769 1026 815 hibridis,
1042 769 1239 815 libertinis,
1259 769 1394 806 servis-

251 842 339 879 que,
374 829 652 879 conscripserat
668 845 677 872 ;
709 837 933 875 armaverat,
966 842 1141 880 equoque
1161 830 1216 867 uti
1244 830 1393 868 frenato

252 889 526 927 condocuerat.
555 889 759 927 Praeterea
774 890 878 940 regia
892 890 1047 936 auxilia,
1063 890 1283 940 elephantes
1298 902 1392 937 cxx,

253 950 521 1001 equitatusque
538 950 843 988 innumerabilis:
864 950 1002 988 deinde
1013 951 1184 1000 legiones
1197 951 1391 1001 conscrip-

252 1018 314 1048 tae
329 1024 376 1048 ex
392 1012 678 1062 cujusquemodi
692 1012 842 1062 generis
854 1012 1013 1063 amplius
1026 1022 1086 1048 Χιῐ
1101 1011 1277 1049 millibus.
1306 1011 1394 1049 Hac

251 1084 319 1121 spe
346 1078 462 1121 atque
481 1084 527 1109 ea
551 1071 712 1110 audacia
730 1072 984 1110 inflammatus
1011 1072 1218 1117 Labienus,
1247 1083 1334 1109 cum
1356 1084 1395 1109 e-

252 1132 419 1183 quitibus
440 1132 560 1169 Gallis
588 1132 866 1184 Germanisque
899 1145 1000 1179 MDc,
1029 1132 1281 1170 Numidarum
1311 1133 1392 1171 sine

252 1193 370 1230 frenis
392 1204 453 1230 11x
473 1193 650 1239 millibus,
669 1201 880 1244 praeterea,
901 1194 1103 1231 Petreiano
1122 1193 1264 1231 auxilio
1283 1194 1391 1231 adhi-

252 1253 347 1298 bito,
366 1253 557 1303 equitibus
577 1265 649 1300 Mc,
667 1254 838 1304 peditum
859 1267 904 1291 ac
920 1255 1010 1291 levis
1030 1263 1241 1294 armaturae
1261 1262 1397 1305 quater

254 1320 375 1359 tanto,
392 1313 595 1363 sagittariis
609 1327 654 1351 ac
669 1313 925 1351 funditoribus
939 1314 1276 1365 hippotoxotisque
1293 1328 1397 1353 com-

254 1374 536 1424 pluribus—his
563 1374 682 1424 copiis
712 1374 833 1424 pridie
868 1373 969 1411 Non.
987 1374 1074 1412 Jan.
1094 1382 1180 1425 post
1198 1375 1298 1413 diem
1330 1388 1396 1421 111,

254 1447 368 1485 quam
398 1434 570 1472 Africam
590 1435 731 1484 attigit,
759 1434 797 1471 in
817 1435 960 1485 campis
989 1435 1212 1486 planissimis
1239 1436 1394 1486 purissi-

254 1495 417 1545 misque,
449 1495 496 1532 ab
515 1495 609 1532 hora
629 1495 702 1532 diei
732 1494 864 1545 quinta
890 1507 1009 1545 usque
1028 1495 1075 1532 ad
1102 1496 1191 1533 solis
1217 1509 1395 1534 occasum

256 1563 314 1592 est
334 1556 585 1593 decertatum.
623 1555 669 1592 In
689 1568 734 1593 eo
754 1555 900 1606 proelio
920 1554 1093 1593 Petreius
1112 1556 1277 1606 graviter
1297 1557 1395 1595 ictus

255 1628 304 1653 ex
325 1616 407 1653 acie
426 1616 595 1654 recessit.

307 1676 395 1713 XX.
461 1677 601 1714 Caesar
632 1676 781 1714 interim
814 1684 939 1714 castra
970 1677 1118 1714 munire
1150 1677 1385 1728 diligentius,

255 1738 443 1788 praesidia
460 1738 611 1775 firmare
630 1737 834 1788 majoribus
854 1738 987 1787 copiis,
1019 1738 1236 1789 vallumque
1254 1740 1301 1776 ab
1322 1752 1389 1790 op-

257 1798 347 1848 pido
368 1798 538 1849 Ruspina
557 1811 676 1848 usque
691 1798 738 1835 ad
753 1810 856 1835 mare
875 1798 1081 1845 deducere,
1101 1806 1139 1836 et
1158 1811 1179 1835 a
1195 1800 1327 1837 castris
1342 1800 1396 1837 al-

256 1866 380 1896 terum
409 1859 558 1904 eodem,
587 1873 661 1909 quo
689 1858 807 1896 tutius
836 1859 933 1896 ultro
961 1858 1134 1910 citroque
1166 1872 1395 1906 commeare,

257 1920 474 1970 auxiliaque
494 1920 575 1957 sine
593 1919 764 1970 periculo
784 1919 854 1955 sibi
873 1932 1096 1956 succurrere
1112 1927 1291 1970 possent:
1320 1921 1397 1958 tela

258 1987 525 2031 tormentaque
545 1993 593 2017 ex
614 1980 771 2016 navibus
791 1979 827 2015 in
849 1987 973 2016 castra
1000 1987 1253 2030 comportare,
1282 1980 1392 2017 remi-

257 2051 347 2087 gum
367 2045 513 2087 partem
533 2051 582 2076 ex
603 2038 735 2083 classe,
764 2037 975 2084 Gallorum,
998 2038 1248 2085 Rhodiorum,
1269 2039 1397 2089 epiba-

259 2105 474 2148 tarumque,
506 2111 665 2144 armare,
694 2106 732 2136 ct
751 2098 787 2135 in
810 2106 933 2136 castra
951 2111 1137 2143 evocare3
1161 2100 1231 2145 uti,
1258 2100 1289 2137 si
1309 2113 1395 2150 pos-

259 2165 330 2204 set,
350 2159 481 2196 eadem
503 2159 661 2205 ratione,
682 2172 757 2210 qua
775 2159 992 2206 adversarii,
1019 2160 1112 2197 levis
1130 2167 1319 2197 armatura
1340 2161 1395 2197 in-

259 2220 420 2269 terjecta
439 2219 536 2256 inter
550 2219 699 2270 equites
718 2232 805 2256 suos
824 2220 1152 2271 interponeretur:
1173 2220 1394 2271 sagittariis-

260 2292 334 2330 que
352 2292 401 2317 ex
421 2280 593 2318 omnibus
612 2280 783 2327 navibus,
808 2279 960 2332 Ityr-eis,
990 2280 1123 2332 Syriis,
1152 2287 1191 2320 et
1210 2282 1393 2333 cujusque
