1472 2664
470 302 635 340 LIBER
688 302 764 341 111.
1133 306 1205 341 103

117 404 341 442 LXXXIII.
392 405 480 443 Jam
498 405 546 443 de
565 405 779 444 sacerdotio
801 404 974 443 Caesaris
993 405 1201 451 Domitius,

70 467 212 517 Scipio,
234 466 490 516 Spintherque
509 465 711 512 Lentulus,
737 466 966 517 quotidianis
986 468 1201 504 contentio·

67 527 180 564 nibus
198 527 246 564 ad
261 527 498 577 gravissimas
513 528 713 564 verborum
732 527 982 564 contumelias
996 527 1120 577 palam
1137 528 1203 564 de-

66 588 321 625 scenderunt:
355 601 472 637 quum
493 586 679 624 Lentulus
708 587 843 624 aetatis
861 587 1047 624 honorem
1075 595 1203 625 osten·

66 655 180 694 taret,
211 647 404 685 Domitius
423 648 605 685 urbanam
625 647 785 698 gratiam
805 647 1106 698 dignitatemque
1122 650 1203 697 Jac-

67 716 180 755 taret,
210 708 339 758 Scipio
360 708 539 746 affinitate
559 707 732 758 Pompeii
752 707 976 746 confideret.
1029 707 1206 745 Postula-

65 769 119 806 vit
145 769 262 806 etiam
290 769 335 805 L.
364 769 566 806 Afranium
597 768 824 818 proditionis
852 768 1044 806 exercitus
1074 768 1205 805 Attius

66 827 190 865 Rufus
209 828 311 878 apud
331 828 570 878 Pompeium,
591 829 694 878 quod
712 836 862 878 gestum
883 830 920 865 in
941 828 1129 879 Hispania
1148 828 1204 864 di-

65 897 184 927 ceret.
232 890 283 927 Et
301 889 347 927 L.
367 890 561 927 Domitius
581 890 618 926 in
638 889 796 927 consilio
816 890 928 935 dixit,
949 889 1100 939 placere
1119 889 1206 934 sibi,

65 949 167 986 bello
188 950 380 995 confecto,
400 957 528 986 ternas
543 949 702 986 tabellas
717 949 798 986 dari
813 949 861 985 ad
877 948 1127 998 judicandum
1147 948 1206 993 iis,

68 1009 132 1058 qui
148 1008 290 1045 ordinis
305 1016 431 1046 essent
449 1008 642 1053 senatorii,
662 1009 839 1059 belloque
857 1022 932 1045 una
946 1022 1030 1046 cum
1046 1008 1135 1058 ipsis
1151 1008 1206 1044 in-

67 1068 308 1111 terfuissent3
328 1069 612 1118 sententiasque
629 1070 676 1106 de
692 1069 849 1118 singulis
864 1069 1023 1113 ferrent,
1043 1069 1107 1118 qui
1129 1068 1206 1105 Ro-

67 1141 150 1165 mae
164 1129 447 1175 remansissent,
463 1129 603 1179 quique
620 1129 718 1165 intra
730 1128 917 1179 praesidia
930 1128 1103 1179 Pompeii
1120 1128 1208 1166 fuis-

67 1197 167 1234 sent,
179 1202 304 1239 neque
324 1202 478 1239 operam
494 1189 531 1225 in
545 1202 586 1226 re
599 1189 751 1226 militari
771 1189 1071 1239 praestitissent:
1092 1203 1207 1228 unam

67 1250 148 1287 sore
164 1250 356 1295 tabellam,
377 1251 441 1300 qui
455 1250 670 1287 liberandos
685 1251 787 1287 omni
803 1251 973 1301 perleulo
989 1259 1208 1294 censerent;

65 1310 238 1356 alteram,
258 1310 321 1361 qui
342 1310 477 1361 capitis
495 1310 746 1354 damnarent;
774 1311 938 1357 tertiam,
959 1312 1023 1361 qui
1042 1311 1207 1361 pecunia

67 1372 287 1409 multarent.
316 1371 514 1409 Postremo
531 1384 663 1408 omnes
675 1379 742 1409 aut
756 1372 802 1409 de
816 1372 1023 1409 honoribus
1038 1372 1128 1417 suis,
1144 1381 1208 1410 aut

67 1432 114 1469 de
135 1432 312 1483 praemiis
327 1432 530 1483 pecuniae,
549 1440 614 1469 aut
629 1433 676 1469 de
697 1432 969 1483 persequendis
986 1433 1206 1479 inimicitiis,

67 1494 256 1544 agebant;
279 1506 366 1538 nec,
382 1493 518 1543 quibus
534 1493 744 1531 rationibus
758 1506 938 1543 superare
954 1502 1122 1543 possent,
1143 1494 1210 1532 sed

70 1554 390 1604 quemadmodum
420 1553 473 1590 uti
492 1553 656 1591 victoria
674 1554 873 1599 deberent,
901 1555 1134 1604 cogitabant.

119 1614 341 1651 LXXXIV.
395 1614 454 1651 Re
472 1613 719 1651 frumentaria
736 1622 976 1665 praeparata,
1006 1616 1208 1653 confirma-

68 1676 194 1726 tisque
214 1675 411 1719 militibus,
431 1681 470 1711 et
489 1674 578 1711 satis
597 1675 712 1725 longo
732 1675 854 1726 spatio
871 1677 1053 1726 temporis
1069 1690 1090 1714 a
1109 1677 1213 1727 Dyr-

71 1736 263 1774 rhachinis
295 1735 450 1785 proeliis
481 1735 711 1780 intermisso,
745 1749 820 1786 quo
851 1736 940 1773 satis
968 1744 1211 1786 perspectum

70 1796 212 1833 habere
233 1795 395 1832 militum
416 1795 584 1832 animum
603 1795 810 1840 videretur,
831 1797 1055 1833 tentandum
1073 1797 1212 1834 Caesar

71 1855 315 1901 existimavit,
336 1855 515 1906 quidnam
532 1855 736 1906 Pompeius
756 1857 938 1907 propositi
954 1864 1020 1894 aut
1039 1857 1212 1895 volunta-

70 1917 119 1954 tis
145 1916 194 1953 ad
213 1915 470 1954 dimicandum
490 1916 664 1953 haberet.
717 1916 853 1967 Itaque
872 1931 921 1954 ex
942 1918 1074 1955 castris
1101 1931 1212 1956 exer-

72 1977 190 2014 citum
212 1977 359 2022 eduxit,
378 1977 578 2027 aciemque
598 1977 794 2023 instruxit,
825 1978 985 2030 primum
1004 1979 1081 2016 suis
1100 1979 1213 2025 locis,

71 2038 275 2088 paulloque
291 2050 313 2074 a
328 2038 461 2075 castris
478 2037 649 2088 Pompeii
665 2038 833 2088 longius;
853 2039 1139 2077 continentibus
1152 2054 1214 2078 ve-

73 2110 116 2134 ro
136 2097 283 2143 diebus,
303 2105 346 2134 ut
364 2098 660 2148 progrederetur
678 2111 701 2135 a
716 2099 848 2136 castris
867 2099 958 2144 suis,
978 2099 1213 2150 collibusque

75 2158 318 2208 Pompeianis
337 2158 458 2195 aciem
478 2158 696 2208 subjiceret.
751 2160 859 2201 Quae
879 2173 939 2196 res
960 2161 996 2197 in
1016 2160 1097 2197 dies
1123 2173 1214 2198 con·

75 2219 319 2256 firmatiorcm
340 2220 422 2268 ejus
449 2218 662 2256 exercitum
691 2219 891 2257 efficiebat.
945 2220 1126 2272 Superius
1160 2229 1214 2258 ta-

77 2291 164 2316 men
191 2279 403 2316 institutum
433 2278 471 2314 in
492 2279 697 2328 equitibus,
724 2279 825 2329 quod
857 2280 1213 2326 demonstravimus,

74 2339 262 2385 servabat,
297 2347 352 2386 ut,
385 2339 564 2390 quoniam
593 2352 753 2377 numero
773 2341 901 2378 multis
927 2341 1097 2393 partibus
1117 2348 1216 2379 esset
