1472 2664
339 301 414 339 DE
441 300 620 339 BELLO
649 301 788 339 HISP.
816 301 993 339 LIBER.
1169 305 1242 343 247

99 405 220 443 laudis
238 404 395 455 insignis
412 403 654 455 praefulgens
674 417 768 454 opus
788 404 989 449 caelatum,
1018 417 1178 454 quorum
1220 408 1244 429 θ’

98 479 228 516 pugna
246 474 345 503 esset
363 478 482 516 prope
501 465 675 515 profecto
690 465 865 511 diremta,
883 465 953 502 nisi
969 473 1125 515 propter
1140 466 1246 516 equi·

99 532 181 562 tum
201 529 224 551 ’θ
245 538 484 571 concessum,
503 533 545 562 ut
564 538 677 575 supra
695 525 1049 570 demonstravimus,
1069 525 1161 562 levis
1180 539 1242 563 ar-

100 595 249 624 matura
267 586 445 637 praesidii
461 599 594 624 caussa
613 599 689 623 non
708 586 822 635 longe
837 586 884 623 ab
900 598 1015 636 opere
1035 593 1247 623 castrorum

103 647 350 685 constitisset.
406 647 460 685 Ut
479 655 627 684 nostros
646 646 795 697 equites
828 646 866 682 in
886 653 1060 697 receptu,
1088 646 1178 683 dum
1198 647 1247 683 ad

101 719 226 744 castra
243 708 418 752 redeunt,
438 707 640 744 adversarii
661 706 836 758 cupidius
855 714 942 744 sunt
962 706 1137 753 insecuti,
1162 708 1246 744 uni·

100 767 214 813 versi,
242 768 408 805 clamore
427 768 544 813 facto,
573 768 753 819 impetum
787 767 988 805 dederunt.
1052 767 1113 805 Ita
1141 775 1247 805 metu

101 828 308 877 perterriti,
328 841 442 878 quum
463 828 502 865 in
520 828 610 879 fuga
629 836 768 874 essent,
788 827 917 864 multis
932 827 1090 874 amissis,
1109 828 1147 864 in
1167 840 1249 866 cas-

102 895 161 925 tra
179 901 221 925 se
239 888 442 939 recipiunt.

155 947 301 985 XXVI.
355 949 496 986 Caesar
515 949 563 986 ob
583 949 762 986 virtutem
790 955 938 987 turmae
961 950 1164 988 Cassianae
1183 949 1252 987 do-

103 1008 207 1046 navit
225 1009 341 1046 millia
357 1021 454 1054 xm,
482 1016 522 1047 et
541 1010 737 1059 praefecto
756 1017 910 1061 torques
930 1024 1064 1048 aureos
1083 1025 1119 1056 v,
1139 1019 1179 1048 ct
1197 1011 1253 1048 le-

103 1068 139 1106 vi
158 1077 370 1107 armaturae
389 1070 506 1107 millia
521 1083 560 1107 x.
597 1070 687 1107 Hoc
707 1070 769 1107 die
787 1072 836 1107 A.
852 1071 1032 1117 Baebius,
1053 1080 1092 1108 et
1108 1072 1151 1109 C.
1169 1071 1253 1109 Fla-

101 1129 199 1175 vius,
227 1137 266 1168 et
286 1132 336 1167 A.
356 1130 583 1175 Trebellius,
611 1130 760 1180 equites
781 1131 943 1168 Romani
965 1132 1164 1177 Astenses,
1191 1145 1250 1170 ar-

106 1198 223 1240 gento
239 1204 356 1242 prope
371 1191 464 1229 tecti
480 1190 641 1241 equites,
657 1190 706 1227 ad
722 1191 924 1229 Caesarem
941 1191 1227 1242 transfugerunt
1243 1209 1253 1236 ;

105 1250 169 1300 qui
200 1250 443 1295 nunciarunt,
471 1251 618 1300 equites
639 1249 833 1287 Romanos
859 1251 1077 1299 conjurasse
1105 1263 1253 1297 omnes,

104 1311 169 1362 qui
201 1311 239 1348 in
259 1311 393 1348 castris
423 1310 596 1361 Pompeii
628 1318 768 1356 essent,
796 1317 838 1347 ut
858 1310 1121 1348 transitionem
1150 1311 1253 1349 face-

104 1378 213 1415 rent;
243 1371 341 1409 servi
362 1371 502 1408 indicio
522 1383 655 1408 omnes
675 1370 711 1407 in
741 1370 953 1408 custodiam
983 1383 1066 1408 esse
1099 1373 1254 1422 conjec-

106 1439 182 1478 tos,
202 1444 224 1469 e
244 1431 394 1482 quibus,
414 1432 616 1469 occasione
636 1439 761 1482 capta,
781 1443 821 1468 se
840 1431 1100 1482 transfugisse.
1155 1433 1254 1471 Item

105 1493 182 1531 hoc
201 1491 263 1530 die
290 1493 422 1530 literae
443 1500 532 1530 sunt
561 1492 839 1543 deprehensae,
867 1505 960 1542 quas
979 1493 1156 1531 mittebat
1182 1494 1256 1532 Ur-

106 1566 262 1591 saonem
283 1553 354 1591 Cn.
375 1553 606 1604 Pompeius:
627 1557 652 1576 “
670 1552 708 1590 S.
728 1551 776 1589 V.
795 1552 845 1589 G.
866 1552 912 1590 E.
934 1553 980 1589 V.
1026 1552 1123 1599 Etsi,
1143 1565 1257 1605 prout

107 1618 133 1638 “
152 1620 283 1652 nostra
300 1613 477 1659 felicitas,
497 1626 547 1651 ex
565 1613 755 1650 sententia
774 1613 1010 1651 adversarios
1024 1614 1150 1652 adhuc
1165 1628 1255 1666 pro-

108 1680 132 1698 “
152 1675 281 1726 pulsos
308 1674 512 1718 habemus;
540 1681 683 1720 tamen,
713 1674 742 1711 si
763 1686 886 1725 aequo
905 1674 991 1712 loco
1011 1675 1067 1712 sui
1086 1682 1255 1725 potesta-

108 1739 134 1756 “
153 1742 231 1771 tem
250 1733 436 1779 facerent,
456 1733 632 1779 celerius,
652 1746 765 1785 quam
780 1742 906 1771 vestra
921 1734 1050 1784 opinio
1065 1735 1154 1780 fert,
1172 1736 1254 1773 bel-

108 1799 134 1818 “
152 1794 232 1832 lum
260 1794 523 1832 confecissem.
585 1794 661 1832 Sed
680 1795 893 1832 exercitum
912 1794 1075 1832 tironem
1096 1808 1171 1833 non
1190 1808 1257 1834 au·

108 1859 134 1878 “
154 1855 246 1892 dent
264 1855 302 1892 in
333 1867 510 1906 campum
528 1854 736 1901 deducere,
767 1854 983 1906 nostrisque
1016 1855 1143 1894 adhuc
1167 1856 1257 1895 freti

109 1920 136 1938 “
155 1915 352 1966 praesidiis
379 1915 521 1952 bellum
554 1915 726 1952 ducunt:
768 1927 855 1952 nam
882 1915 1049 1966 singulas
1078 1916 1256 1955 civitates

109 1981 135 2000 “
155 1976 505 2014 circumsederunt:
524 1976 612 2013 inde
628 1975 697 2013 sibi
711 1984 946 2014 commeatus
958 1976 1125 2027 capiunt.
1153 1978 1257 2020 Qua-

110 2041 135 2058 “
155 2049 196 2073 re
209 2044 249 2073 et
263 2036 436 2073 clvitates
451 2043 663 2073 nostrarum
678 2035 839 2086 partium
856 2035 1103 2081 conservabo,
1124 2043 1163 2074 et
1176 2037 1257 2075 bel-

110 2103 136 2120 “
156 2097 234 2134 lum
255 2097 376 2148 primo
395 2109 547 2147 quoque
567 2103 741 2146 tempore
761 2095 974 2133 conficiam.
1010 2095 1199 2134 Cohortes
1219 2097 1257 2134 in

109 2162 136 2181 “
155 2158 281 2195 animo
302 2157 425 2195 habeo
445 2157 494 2194 ad
507 2170 574 2195 vos
587 2157 753 2194 mittere.
793 2156 987 2202 Profecto,
1006 2164 1137 2194 nostro
1153 2170 1256 2195 com-

110 2223 136 2242 “
155 2226 283 2256 meatu
313 2218 464 2269 privati,
493 2217 709 2256 necessario
728 2217 777 2255 ad
805 2216 1064 2255 dimicandum
1094 2217 1254 2256 descen-

112 2283 137 2302 “
157 2279 292 2316 dent.''

163 2339 328 2378 XXVII.
381 2340 603 2392 Insequenti
635 2348 808 2392 ternpore
828 2353 944 2392 quum
965 2339 1084 2378 nostri
1111 2346 1258 2378 temere
