1472 2664
277 297 351 335 DE
378 296 556 334 BELLO
585 295 760 335 AFRIC.
788 295 964 333 LIBER.
1120 300 1194 336 205

63 397 183 444 ducti,
203 399 451 451 Caesarisque
471 399 622 437 nomine
641 399 823 449 persuasi,
851 411 872 435 a
891 410 982 448 rege
1009 398 1034 435 J
1038 399 1110 436 uba
1128 399 1193 436 de-

63 460 244 505 sciscunt,
264 460 514 511 celeriterque
534 460 662 498 cuncti
681 472 784 496 arma
799 458 967 509 capiunt,
988 466 1196 509 contraque

63 531 192 568 regem
211 519 338 557 facere
365 533 441 557 non
461 520 647 557 dubitant.
700 520 848 561 Quibus
876 520 987 556 rebus
1016 518 1192 568 cognitis,

60 578 175 624 Juba,
195 579 381 617 distentus
400 580 539 630 triplici
558 579 672 625 bello,
699 579 1004 628 necessitateque
1024 586 1194 623 coactus,

62 638 110 674 de
140 639 216 675 suis
246 640 379 690 copiis,
410 652 502 690 quas
522 646 654 676 contra
673 639 874 675 Caesarem
895 638 1122 684 adduxerat,
1150 649 1194 674 vr

63 699 239 736 cohortes
260 699 298 736 in
316 700 410 737 fines
430 699 538 750 regni
557 699 614 736 sui
633 699 762 744 mittit,
791 711 888 749 quae
907 705 1035 735 essent
1054 699 1197 749 praesi-

59 759 125 797 dio
145 767 279 797 contra
297 760 493 798 Gaetulos.

113 820 218 857 LVI.
271 822 424 866 Caesar,
444 821 609 858 brachiis
627 820 823 871 perfectis,
853 820 1113 870 promotisque
1133 834 1193 857 us-

63 894 136 932 que
156 895 216 927 e0,
247 896 323 932 quo
342 883 460 919 telum
480 895 528 919 cx
558 881 698 932 oppido
717 880 829 930 adjici
849 893 924 916 non
944 889 1086 930 posset,
1116 894 1197 918 cas-

61 950 120 978 tra
137 941 259 978 munit
275 955 284 977 :
311 941 455 978 balistis
474 941 813 991 scorpionibusque
830 941 972 976 crebris
991 949 1079 978 ante
1098 941 1200 978 fron·

62 1006 141 1035 tem
168 1007 376 1037 castrorum
397 1008 606 1050 contraque
626 999 808 1050 oppidum
827 999 1037 1045 collocatis,
1067 1000 1198 1037 defen-

65 1071 168 1096 sores
188 1060 285 1096 muri
303 1060 497 1098 deterrere
527 1073 603 1097 non
623 1059 862 1102 intermittit;
890 1071 1013 1109 eoque
1034 1071 1061 1096 v
1080 1060 1199 1110 legio-

62 1132 130 1156 nes
159 1132 209 1157 ex
235 1120 494 1170 superioribus
522 1120 654 1158 castris
681 1119 849 1157 deducit.
903 1120 989 1160 Qua
1017 1120 1200 1158 facultate

64 1179 204 1225 oblata,
237 1180 460 1217 illustriores
488 1180 750 1229 notissimique
783 1182 1032 1229 conspectum
1061 1181 1199 1218 amico-

62 1254 145 1278 rum
171 1241 547 1292 propinquorumque
581 1240 850 1290 efflagitabant,
883 1246 997 1290 atque
1027 1240 1126 1278 inter
1157 1254 1198 1279 se

58 1302 391 1352 colloquebantur.
467 1303 575 1343 Quae
607 1313 666 1337 res
699 1300 790 1350 quid
822 1300 995 1337 utilitatis
1025 1301 1198 1348 haberet,

61 1362 265 1399 Caesarem
287 1374 364 1398 non
383 1360 563 1398 fallebat:
592 1372 756 1410 namque
776 1359 932 1397 Gaetuli
957 1374 1007 1398 ex
1026 1362 1196 1412 equitatu

57 1422 164 1472 regio
188 1422 407 1467 nobiliores,
434 1422 680 1472 equitumque
710 1420 907 1470 praefecti,
941 1434 1102 1471 quorum
1132 1436 1198 1474 pa-

60 1490 138 1519 tres
158 1495 244 1519 cum
264 1482 390 1525 Mario
409 1489 498 1518 ante
517 1487 748 1525 meruerant,
768 1482 924 1531 ejusque
950 1482 1137 1520 beneficio
1158 1497 1197 1521 a·

61 1542 138 1591 gris
169 1542 382 1592 finibusque
412 1542 556 1587 donati,
599 1548 684 1592 post
715 1541 842 1578 Sullae
873 1541 1084 1589 victoriam,
1125 1546 1196 1581 sub

62 1601 295 1652 Hiempsalis
313 1602 412 1652 regis
432 1609 540 1639 erant
558 1609 747 1652 potestate
767 1601 858 1647 dati,
889 1603 1089 1640 occasione
1109 1617 1198 1655 cap-

69 1670 122 1708 ta,
142 1670 269 1708 nocte,
293 1664 371 1711 jam
389 1662 594 1700 luminibus
613 1662 798 1706 accensis,
827 1674 914 1699 cum
933 1662 1038 1712 equis
1058 1663 1199 1701 caloni-

62 1722 209 1772 busque
235 1723 311 1759 suis
331 1722 484 1760 circiter
503 1722 604 1759 mille
625 1722 847 1771 perfugiunt
861 1722 899 1758 in
929 1722 1098 1761 Caesaris
1118 1737 1199 1762 cas-

62 1791 134 1828 tra,
161 1795 259 1832 quae
277 1791 386 1820 erant
405 1783 443 1820 in
462 1795 597 1833 campo
617 1782 790 1832 proxime
811 1782 947 1820 Uzitae
967 1783 1106 1822 locata.

112 1842 238 1879 LVII.
292 1844 406 1885 Quod
425 1851 625 1894 postquam
649 1842 791 1892 Scipio,
825 1843 965 1893 quique
985 1856 1072 1881 cum
1093 1858 1139 1882 eo
1159 1859 1198 1883 e-

61 1910 160 1949 rant,
189 1911 465 1953 cognoverunt,
498 1916 614 1953 quum
636 1903 816 1940 commoti
836 1916 884 1939 ex
905 1904 970 1940 tali
989 1904 1198 1943 incommo-

63 1965 113 2002 do
134 1973 273 2009 essent,
305 1964 385 2001 fere
412 1976 481 2014 per
499 1964 538 2000 id
557 1970 707 2013 tempus
729 1963 785 1999 Μ.
807 1964 1016 2013 Aquinium
1045 1979 1131 2003 cum
1152 1967 1197 2005 C.

63 2025 224 2062 Saserna
243 2024 524 2074 colloquentem
545 2025 734 2061 viderunt.
783 2024 911 2075 Scipio
931 2026 1047 2063 mittit
1066 2027 1114 2064 ad
1142 2029 1196 2064 A-

60 2085 244 2136 quInium,
274 2085 366 2121 nihil
385 2085 547 2122 attinere
566 2097 652 2122 eum
673 2098 758 2122 cum
778 2085 1000 2123 adversariis
1019 2088 1197 2138 colloqui.

62 2147 190 2187 Quum
210 2145 327 2182 nihilo
348 2145 470 2182 minus
498 2148 580 2194 eJus
600 2158 812 2182 sermonem
833 2147 994 2184 nuncius
1013 2148 1062 2185 ad
1080 2161 1120 2186 se
1140 2162 1199 2186 re-

62 2207 191 2252 ferret,
211 2207 278 2244 sed
293 2214 451 2251 restare,
471 2214 513 2243 ut
533 2206 691 2256 reliqua,
711 2219 808 2256 quae
827 2207 954 2252 vellet,
974 2216 1199 2257 perageret3

63 2267 187 2304 viator
204 2274 402 2317 praeterea
420 2267 468 2304 ab
486 2267 510 2303 J
516 2267 589 2304 uba
603 2267 650 2304 ad
669 2280 754 2304 eum
770 2276 828 2304 est
846 2268 993 2312 missus,
1013 2269 1078 2318 qui
1097 2269 1200 2306 dice-

64 2332 136 2371 ret,
168 2325 347 2364 audiente
380 2325 554 2373 Saserna,
585 2326 700 2364 Vetat
728 2335 765 2364 te
785 2341 853 2366 rex
881 2328 1058 2379 colloqui.
1111 2330 1197 2371 Quo
