1472 2664
264 276 340 314 DE
368 275 547 314 BELLO
575 275 739 315 ALEX.
766 274 945 313 LIBER.
1104 278 1176 315 143

37 387 252 418 nostrorum
271 379 386 417 animi
411 379 507 417 adeo
524 386 615 416 sunt
640 378 805 424 incitati,
822 385 868 415 ut
891 389 1016 430 paene
1035 377 1173 416 codem

37 447 210 492 tempore
233 453 283 478 ex
309 440 484 477 omnibus
509 439 696 490 partibus,
724 438 837 489 primi
862 445 991 477 tamen
1010 438 1176 476 editissi—

40 514 145 538 mum
163 501 290 538 locum
318 508 530 538 castrorum
557 508 765 551 caperent:
800 511 852 537 ex
868 512 947 550 quo
966 499 1175 536 decurren-

43 568 115 606 tes,
145 573 322 611 magnam
341 560 624 598 multitudinem
652 560 821 598 hostium
847 560 886 597 in
904 559 1039 597 castris
1058 559 1177 597 inter-

34 622 223 660 fecerunt.
276 621 389 664 Quod
409 620 622 672 periculum
641 621 813 672 plerique
841 620 1097 658 Alexandrini
1116 620 1177 658 fu-

32 682 196 733 gientes,
215 683 420 720 acervatim
435 694 477 719 se
491 682 541 719 de
554 681 654 719 vallo
672 681 1021 732 praecipitaverunt
1039 681 1077 718 in
1092 693 1178 718 eam

32 750 196 793 partem,
229 755 327 793 quae
346 741 493 779 flumini
521 749 606 779 erat
622 741 818 791 adjuncta.
872 742 1024 780 Horum
1043 742 1176 793 primis

31 803 71 839 in
92 803 175 853 ipsa
192 802 295 840 fossa
313 802 533 841 munitionis
546 815 687 852 magna
703 802 814 840 ruina
832 802 1038 854 oppressis,
1058 802 1180 840 ceteri

31 863 240 901 faciliorem
259 863 391 913 fugam
409 863 637 900 habuerunt.
690 862 851 901 Constat
868 862 1011 913 fugisse
1024 875 1076 900 ex
1095 875 1180 900 cas-

30 924 99 962 tris
119 937 250 974 regem
271 924 407 975 ipsum,
432 930 711 974 receptumque
728 922 767 960 in
785 936 936 968 navem,
964 923 1177 961 multitudi-

31 996 80 1021 ne
96 997 244 1031 eorum,
264 984 329 1036 qui
347 984 395 1021 ad
414 983 608 1034 proximas
626 995 742 1021 naves
759 982 1008 1028 adnatabant,
1027 983 1177 1021 demer-

30 1058 73 1082 so
91 1046 258 1095 navigio,
278 1046 435 1096 perisse.

83 1106 254 1143 XXXII.
308 1105 367 1143 Re
385 1104 605 1142 felicissime
624 1104 900 1155 celerrimeque
918 1111 1043 1154 gesta,
1077 1105 1174 1143 Cae·

30 1179 104 1212 sar,
125 1179 287 1217 magnae
305 1165 486 1203 victoriae
506 1164 662 1210 fiducia,
680 1165 858 1216 proximo
873 1164 1043 1202 terrestri
1063 1165 1172 1203 itine-

29 1240 71 1264 re
94 1225 370 1265 Alexandriam
390 1238 476 1262 cum
503 1225 698 1275 equitibus
727 1225 953 1268 contendit;
985 1231 1102 1277 atque
1128 1238 1178 1263 ea

29 1294 138 1338 parte
167 1284 296 1336 oppidi
324 1285 448 1322 victor
473 1285 634 1330 introiit,
664 1298 763 1335 quae
792 1285 980 1336 praesidio
1007 1285 1179 1323 hostium

31 1346 248 1384 tenebatur.
302 1345 438 1395 Neque
457 1357 546 1382 eum
559 1345 761 1382 consilium
780 1358 891 1382 suum
911 1345 1062 1391 fefellit,
1080 1346 1173 1396 quin

30 1408 176 1453 hostes,
195 1419 242 1444 eo
262 1406 409 1457 proelio
423 1405 567 1452 audito,
586 1405 680 1443 nihil
693 1408 774 1455 jam
792 1406 841 1444 de
856 1407 958 1445 bello
970 1415 1098 1445 essent
1110 1420 1176 1445 co-

33 1467 204 1518 gitaturi.
241 1467 412 1517 Dignum
430 1466 638 1504 adveniens
656 1466 824 1504 fructum
838 1468 986 1505 virtutis
1002 1475 1041 1505 et
1059 1468 1177 1505 animi

32 1527 308 1578 magnitudinis·
325 1527 437 1564 tulit:
463 1525 586 1564 omnis
605 1526 708 1565 enim
726 1527 932 1566 multitudo
964 1529 1174 1580 oppidano·

30 1603 129 1635 rum,
161 1588 275 1626 armis
304 1587 500 1639 projectis,
530 1587 884 1639 munitionibusque
910 1589 989 1627 suis
1016 1589 1176 1635 relictis,

32 1658 139 1688 veste
158 1661 205 1686 ea
222 1656 359 1694 sumta,
389 1660 464 1698 qua
480 1648 674 1698 supplices
702 1648 943 1688 dominantes
973 1649 1175 1701 deprecari

30 1716 326 1754 consueverunt,
345 1709 539 1759 sacrisque
553 1708 728 1746 omnibus
742 1709 914 1760 prolatis,
934 1723 1096 1760 quotum
1115 1723 1176 1748 re·

32 1770 175 1820 ligione
193 1768 343 1820 precari
362 1768 524 1806 offensos
544 1768 737 1819 iratosque
755 1770 901 1807 animos
915 1783 1049 1820 regum
1067 1777 1176 1808 crant

33 1830 149 1876 soliti,
177 1830 395 1868 advenienti
416 1829 570 1867 Caesari
590 1837 858 1874 occurrerunt,
876 1842 993 1880 seque
1012 1830 1047 1867 ei
1066 1829 1175 1867 dedi-

35 1891 187 1928 derunt-
216 1891 370 1936 Caesar,
386 1890 425 1927 in
438 1889 553 1928 fidem
569 1897 744 1940 receptos
759 1889 992 1935 consolatus,
1005 1902 1075 1940 per
1089 1889 1177 1926 lios-

31 1951 128 1989 tium
143 1951 376 1989 munitiones
394 1952 432 1988 iu
449 1963 558 1988 suam
575 1958 725 2001 partem
739 1950 868 2002 oppidi
887 1963 1028 2000 magna
1045 1957 1177 2000 gratu-

32 2013 174 2051 latione
195 2013 302 2050 venit
324 2025 493 2058 suorum,
525 2011 590 2062 qui
609 2025 687 2049 non
711 2019 861 2050 tantum
883 2011 1025 2048 bellum
1053 2011 1178 2062 ipsum

32 2085 78 2110 ac
97 2073 398 2118 dimicationem,
417 2073 484 2110 sed
501 2073 618 2111 etiam
635 2071 977 2111 talemadventum
992 2072 1076 2121 ejus
1094 2071 1178 2110 feli-

35 2145 121 2171 cem
141 2133 259 2171 fuisse
278 2134 531 2171 laetabantur.

85 2194 276 2232 XXXIII.
328 2195 484 2239 Caesar,
507 2195 688 2245 Aegypto
705 2200 821 2244 atque
850 2193 1091 2232 Alexandria
1108 2205 1177 2243 po-

35 2254 142 2301 titus,
174 2267 286 2306 reges
305 2255 518 2300 constituit,
547 2267 642 2306 quos
669 2254 912 2292 Ptolemaeus
945 2260 1176 2292 testamento

35 2313 255 2365 scripserat,
275 2322 392 2367 atque
407 2315 619 2354 obtestatus
637 2322 722 2353 erat
738 2314 923 2365 populum
944 2313 1176 2359 Romanum,
