1472 2664
234 269 305 303 106
568 265 642 303 DE
679 265 855 303 BELLO
897 267 1064 316 cierr

237 373 263 391 “
283 367 428 405 colonis
449 367 741 419 Transpadanis.
781 371 980 417 Attamen,
1000 371 1102 420 quod
1117 370 1189 407 fuit
1208 371 1367 417 roboris,

235 434 261 452 “
281 430 428 467 duobus
443 429 595 479 procliis
611 430 889 481 Dyrrhachinis
904 431 1089 468 interiit.''
1121 431 1231 468 Haec
1252 445 1369 482 quum

233 489 405 535 dixisset,
420 491 574 539 juravit,
590 504 644 536 sc,
660 491 730 527 nisi
746 492 943 537 victorem,
959 492 996 527 in
1013 499 1136 529 castra
1151 505 1226 529 non
1243 505 1369 529 rever-

232 564 360 588 surum
377 565 385 588 :
419 551 675 602 reliquosque,
708 559 749 589 ut
769 552 868 589 idem
886 552 1072 597 facerent,
1105 552 1277 589 hortatus
1298 560 1368 590 est.

234 611 323 649 Hoc
344 612 515 658 laudans,
533 612 737 663 Pompeius
754 613 852 651 idem
868 613 1024 663 ju1·avit;
1045 626 1116 650 nec
1132 625 1221 649 vero
1241 625 1291 649 ex
1310 625 1369 650 rc—

230 673 342 723 liquis
357 673 427 710 fuit
443 674 656 724 quisquam,
673 675 737 724 qui
749 678 876 725 jurare
892 674 1096 711 dubitaret.
1125 673 1235 710 Haec
1252 687 1368 724 quum

230 733 334 770 facta
351 741 478 770 essent
494 734 531 771 in
547 735 719 780 consilio,
740 747 878 784 magna
896 747 963 785 spe
982 741 1021 771 et
1035 734 1180 771 laetitia
1199 734 1368 771 oxnnium

231 793 439 831 discessum
460 803 532 832 est:
558 808 602 833 ac
618 797 695 845 jam
712 795 838 833 animo
857 795 1052 832 victoriam
1071 795 1370 845 praecipiebant,

232 856 336 905 quod
365 856 472 893 dere
493 864 610 901 tanta,
643 865 682 894 ct
701 869 722 894 a
748 865 824 893 tam
851 856 974 906 perito
1003 856 1244 906 imperatore,
1277 856 1370 893 nihil

232 915 373 954 frustra
392 917 610 954 confirmari
625 918 835 954 videbatur.

282 978 546 1015 LXXXVIII.
589 978 743 1024 Caesar,
764 992 878 1029 quum
895 977 1066 1028 Pompeii
1086 978 1219 1015 castris
1233 991 1371 1028 appro-

230 1039 466 1090 pinquasset,
485 1040 534 1077 ad
553 1040 657 1078 hunc
675 1040 829 1077 modum
849 1040 969 1077 aciem
990 1040 1071 1088 ejus
1090 1039 1315 1077 instructam
1330 1052 1370 1077 a-

233 1100 488 1138 nimadvertit.
544 1100 664 1138 Erant
692 1101 729 1137 in
748 1100 900 1137 sinistro
920 1113 1040 1137 cornu
1067 1100 1238 1149 legiones
1257 1100 1371 1146 duae,

230 1162 392 1200 traditae
412 1175 434 1199 a
454 1163 618 1200 Caesare
647 1162 755 1199 initio
783 1160 1025 1198 dissensionis
1045 1173 1094 1198 ex
1116 1160 1189 1198 SC.
1210 1174 1370 1212 quarum

231 1236 307 1260 una
325 1223 460 1273 prima,
487 1224 605 1260 altera
625 1222 739 1259 tertia
756 1221 1032 1272 appellabatur.
1069 1221 1114 1257 In
1130 1234 1176 1258 eo
1191 1221 1277 1259 loco
1293 1222 1373 1272 ipse

233 1292 315 1322 erat
335 1285 553 1336 Pompeius.
608 1283 780 1321 Mediam
800 1282 921 1319 aciem
949 1282 1078 1331 Scipio
1098 1295 1185 1320 cum
1212 1282 1372 1333 legioni-

231 1345 303 1383 bus
325 1345 491 1396 Syriacis
507 1346 675 1382 tenebat.
712 1343 926 1381 Ciliciensis
945 1343 1045 1392 legio
1062 1344 1269 1392 conjuncta
1284 1356 1371 1380 cum

231 1405 454 1443 cohortibus
475 1405 672 1455 Hispanis,
692 1417 784 1454 quas
799 1403 1041 1440 transductas
1061 1403 1107 1440 ab
1124 1402 1286 1440 Afranio
1305 1403 1371 1441 do-

230 1465 393 1510 cuimus,
413 1465 451 1501 in
472 1465 610 1502 dextro
627 1477 746 1501 cornu
762 1470 871 1500 erant
887 1463 1108 1501 collocatae.
1139 1463 1222 1500 Has
1236 1464 1371 1500 firmis·

231 1524 344 1562 simas
363 1537 404 1561 se
423 1525 565 1562 habere
586 1524 791 1574 Pompeius
811 1523 1068 1561 existimabat.
1115 1523 1296 1574 Reliquas
1315 1525 1371 1561 in-

231 1593 291 1622 ter
305 1586 424 1623 aciem
441 1585 603 1622 inediam
620 1597 838 1634 cornuaque
854 1584 1115 1633 interjecerat:
1137 1597 1372 1635 numeroque

233 1646 412 1684 cohortes
432 1658 482 1683 cx
503 1645 738 1696 expleverat.
784 1644 895 1681 Haec
911 1652 1019 1681 erant
1038 1645 1155 1682 millia
1174 1656 1264 1690 xcv,
1285 1658 1373 1682 evo-

231 1714 404 1744 catorum
439 1707 592 1745 circiter
613 1707 703 1751 duo,
734 1718 832 1756 quae
851 1718 900 1742 ex
918 1705 1174 1743 beneficiariis
1203 1706 1372 1756 superio-

231 1781 317 1805 rum
336 1768 579 1806 exercituum
599 1767 647 1804 ad
668 1779 755 1804 eum
776 1773 1060 1809 convenerant3
1080 1779 1177 1816 quae
1192 1774 1273 1804 tota
1291 1767 1374 1805 acie

231 1828 474 1879 disperserat.
510 1827 692 1878 Reliquas
712 1827 891 1864 cohortes
907 1838 964 1862 v11
982 1826 1115 1863 castris
1134 1827 1373 1878 propinquis-

231 1902 306 1939 que
326 1888 492 1926 castellis
511 1887 700 1938 praesidio
729 1886 979 1937 disposuerat.
1033 1886 1226 1924 Dextrum
1253 1901 1374 1925 cornu

230 1951 313 1999 ejus
332 1949 433 1986 rivus
454 1949 608 1999 quidam
627 1947 819 1998 impeditis
834 1947 924 1998 ripis
944 1948 1141 1985 muniebat
1157 1962 1166 1985 ς
1195 1961 1307 1998 quam
1324 1950 1372 1986 ob

230 2023 403 2048 caussam
431 2017 613 2048 cunctum
633 2009 859 2059 equitatum,
879 2008 1123 2058 saggittarios
1142 2008 1374 2048 funditores-

228 2084 303 2122 que
324 2083 470 2116 omnes,
498 2070 536 2107 in
555 2070 708 2107 sinistro
729 2082 852 2107 cornu
872 2070 1078 2119 objecerat.

281 2130 503 2168 LXXXIX.
558 2131 712 2175 Caesar,
733 2131 906 2181 superius
925 2130 1139 2168 institutum
1159 2143 1326 2176 servam,
1347 2145 1373 2170 x

228 2191 420 2241 legionem
436 2191 473 2227 in
494 2191 632 2228 dextro
649 2203 782 2236 cornu,
803 2203 847 2227 lx
862 2191 901 2227 in
916 2190 1083 2236 sinistro,
1104 2191 1374 2238 collocaverat,

231 2250 381 2289 tametsi
401 2258 484 2288 erat
514 2251 796 2301 Dyrrhachinis
826 2251 980 2302 proeliis
999 2251 1247 2289 vehementer
1275 2259 1374 2290 atte-

228 2319 359 2352 nuata.
397 2311 503 2350 Huic
521 2311 577 2350 sie
596 2311 776 2363 adjunxit
796 2324 871 2361 1111,
890 2319 933 2350 ut
950 2325 1073 2364 paene
1089 2325 1202 2352 unam
1217 2325 1267 2354 ex
1282 2314 1374 2353 dua-
