1472 2664
231 264 308 299 ‘200
695 264 744 300 A.
784 263 961 300 HIRTII

235 363 272 400 in
293 363 427 401 Africa
444 370 571 401 autem
591 376 666 401 non
685 366 800 403 modo
819 366 890 403 sibi
921 366 1127 416 quidquam
1146 377 1221 402 non
1241 363 1369 415 acquin·

237 423 394 470 sierant,
422 431 487 461 aut
506 433 754 474 paraverant;
786 427 853 463 sed
872 426 1000 472 etiam,
1019 433 1176 476 propter
1197 436 1371 462 annonae

232 484 443 530 caritatem,
469 492 558 522 ante
584 494 714 535 parata
735 494 1033 523 consumserant.
1086 485 1233 527 Quibus
1258 485 1373 522 rebus

233 545 435 590 attenuati,
455 546 595 596 oppido
624 559 805 596 perquam
825 546 936 597 pauci
956 547 1025 583 sub
1045 546 1206 596 pellibus
1225 546 1373 596 aquies-

235 605 397 642 cebant:
418 606 553 656 reliqui
573 619 622 643 ex
638 608 872 644 vestimentis
888 607 1100 645 tentoriolis
1116 606 1240 652 factis,
1260 614 1375 656 atque

234 666 482 703 arundinibus
509 667 709 717 scopisque
730 668 935 713 contextis,
964 668 1251 719 permanebant.
1297 666 1374 703 Ita-

235 739 323 776 que,
339 727 466 763 subito
479 726 597 764 imbre
610 728 871 778 grandineque
887 737 1107 773 consecuta,
1122 728 1268 778 gravati
1284 741 1378 779 pon-

236 789 341 833 dere,
358 788 524 824 tenebris
539 800 711 838 aquaque
725 801 856 826 omnes
871 789 1015 826 subruti
1029 788 1269 838 disjectique,
1286 801 1377 826 noc-

238 857 276 886 te
298 848 538 899 intempesta,
560 849 709 899 ignibus
729 849 944 894 exstinctis,
964 850 1153 899 rebusque
1168 849 1217 886 ad
1235 850 1379 886 victum

238 909 517 959 pertinentibus
532 909 707 946 omnibus
723 910 926 960 corruptis,
940 922 1008 960 per
1024 918 1148 947 castra
1165 909 1302 960 passim
1318 921 1381 946 va-

239 970 440 1019 gabantur,
460 970 654 1020 scutisque
674 970 801 1020 capita
820 971 1089 1019 contegebant.
1130 969 1275 1008 Eadem
1291 978 1381 1007 noc-‘

240 1040 278 1067 tc
302 1043 327 1067 v
346 1030 507 1081 legionis
526 1030 689 1080 pilorum
710 1031 909 1069 cacumina
928 1044 996 1069 sua
1014 1039 1150 1082 sponte
1169 1038 1356 1068 arserunt.

292 1091 477 1128 XLVIII.
532 1091 619 1128 Rex
653 1091 804 1128 interim
831 1091 946 1137 Juba,
977 1091 1024 1128 de
1051 1090 1218 1141 equestri
1238 1089 1382 1140 proelio

244 1152 432 1203 Scipionis
448 1152 590 1190 certior
606 1152 743 1197 factus,
764 1159 1018 1202 evocatusque
1033 1152 1080 1188 ab
1096 1151 1231 1188 eodem
1251 1150 1384 1196 literis,

243 1212 437 1264 praefecto
465 1213 611 1250 Sabura
630 1226 716 1250 cum
736 1220 844 1262 parte
871 1211 1065 1249 exereitus
1085 1218 1219 1248 contra
1248 1209 1386 1247 Sitium

244 1273 392 1319 relicto,
413 1280 456 1311 ut
475 1286 606 1311 secum
625 1272 705 1323 ipse
721 1272 864 1322 aliquid
883 1271 1120 1310 auctoritatis
1139 1270 1298 1308 adderet
1317 1284 1386 1308 ex-

243 1334 381 1372 ercitui
397 1334 600 1384 Scipionis,
620 1347 665 1371 ac
681 1342 867 1371 terrorem
885 1333 1071 1378 Caesaris,
1092 1345 1178 1369 curn
1197 1343 1246 1367 111
1267 1331 1387 1381 legio-

244 1394 369 1439 nibus,
394 1394 663 1445 equitibusque
682 1393 840 1431 frenatis
870 1406 988 1439 DCCC,
1018 1393 1195 1430 Numidis
1214 1392 1294 1430 sine
1313 1391 1388 1431 fre-

244 1455 302 1493 nis
322 1455 590 1506 peditibusque
608 1455 702 1492 levis
721 1462 934 1492 armaturae
953 1455 1088 1505 grandi
1107 1467 1281 1500 numero,
1312 1453 1389 1492 ele-

246 1517 475 1567 phantisque
496 1528 591 1561 xxx,
611 1528 787 1566 egressus
807 1529 828 1553 e
847 1528 985 1566 regno,
1010 1515 1059 1553 ad
1080 1515 1299 1565 Scipionem
1331 1523 1389 1553 est

244 1576 452 1627 profectus.
507 1575 714 1627 Postquam
733 1576 781 1613 ad
800 1589 886 1614 eum
909 1576 1097 1626 pervenit,
1117 1575 1251 1614 castris
1270 1575 1386 1626 regiis

247 1650 417 1675 seorsum
442 1636 588 1687 positis,
617 1637 777 1675 cumeis
805 1637 939 1688 copiis,
967 1649 1059 1687 quas
1078 1637 1391 1683 commemoravi,

246 1698 348 1735 haud
377 1698 428 1735 ita
456 1697 570 1747 longe
590 1698 637 1734 ab
659 1697 839 1748 Scipione
860 1698 1046 1735 consedit.
1105 1697 1221 1750 (Erat
1249 1699 1288 1735 in
1309 1710 1392 1736 cas-

247 1759 314 1796 tris
331 1758 504 1796 Caesaris
524 1758 709 1808 superiori
729 1766 901 1808 tempore
916 1771 1076 1809 magnus
1095 1767 1230 1804 terror,
1251 1767 1304 1806 et,
1323 1772 1391 1797 ex-

250 1820 489 1870 spectatione
511 1818 706 1869 copiarum
725 1819 929 1869 regiarum,
958 1818 1152 1856 exercitus
1171 1821 1254 1869 ejus
1272 1819 1395 1870 magis

250 1880 490 1930 suspensiore
505 1879 632 1917 animo
651 1887 740 1917 ante
760 1879 966 1916 adventum
985 1878 1010 1916 J
1016 1880 1110 1916 ubae
1130 1880 1396 1918 commoveba-

249 1948 336 1978 tur:
365 1947 568 1991 postquam
593 1953 683 1978 vero
703 1947 828 1977 eastra
846 1939 980 1977 castris
1000 1940 1175 1986 eontulit,
1204 1940 1396 1991 despectis

250 2003 332 2050 ejus
353 2001 486 2051 copiis,
508 2013 660 2037 omnem
679 2008 863 2038 terrorem
885 2000 1055 2050 deponit.
1108 2000 1182 2046 lta,
1203 2013 1315 2050 quam
1330 2012 1396 2037 an·

250 2069 314 2097 tea
334 2061 471 2097 absens
491 2061 678 2098 habuerat
697 2059 983 2106 auctoritatem,
1011 2073 1094 2098 earn
1115 2073 1267 2097 omnem
1286 2073 1397 2110 prae-

252 2134 338 2159 sens
358 2121 586 2172 dimiserat.)
637 2123 724 2163 Quo
743 2121 846 2158 facto
867 2120 986 2157 cuivis
1004 2120 1115 2158 facile
1134 2120 1206 2157 suit
1225 2120 1399 2158 intellec-

252 2191 349 2228 tum,
382 2182 551 2232 Scipioni
583 2182 754 2219 additum
782 2181 964 2226 animum,
997 2180 1267 2232 fiduciamque,
1297 2181 1398 2231 regis

253 2243 439 2281 adventu:
460 2255 546 2279 nam
566 2250 719 2293 postero
739 2241 800 2279 die
820 2241 1012 2278 universas
1032 2253 1118 2277 suas
1137 2240 1315 2290 regisque
1334 2253 1400 2278 co-

253 2303 348 2356 pias,
368 2315 455 2342 cum
468 2302 681 2356 elephantis
696 2313 749 2340 Lx
763 2301 969 2355 productas
983 2301 1022 2340 in
1037 2302 1173 2351 aciem,
1189 2313 1302 2354 quam
1315 2308 1405 2353 spe-2·
