1472 2664
251 245 325 280 216
685 243 734 279 A.
778 243 953 281 HIRTII

249 344 437 394 ritateque
465 352 695 382 excesserat.
750 345 833 384 Nec
852 347 1013 383 mirum:
1042 347 1171 397 copias
1198 348 1297 385 enim
1317 346 1383 385 ha·

248 404 363 441 bebat
382 405 418 441 in
441 404 566 442 Gallia
593 406 734 443 bellare
759 415 959 443 consuetas
986 407 1079 444 locis
1099 408 1385 457 campestribuS,

246 471 286 501 et
306 471 439 502 contra
455 465 599 510 Gallos,
618 466 790 503 homines
809 475 960 517 apertos
981 467 1209 517 minimeque
1231 468 1383 505 insidio-

246 538 321 570 sos,
350 527 413 576 qui
434 539 502 576 per
521 527 714 573 virtutem,
744 540 818 565 non
839 541 906 577 per
926 528 1068 572 dolum,
1089 528 1268 565 dimicare
1295 542 1385 566 con-

243 588 422 624 suerunt:
446 595 525 624 tum
546 595 672 624 autem
688 596 769 625 erat
789 589 823 625 ei
840 588 1102 634 laborandum,
1125 596 1165 626 ut
1181 590 1382 626 consuefa-

243 657 348 686 ceret
366 648 502 685 milites
518 649 681 686 hostium
703 649 824 694 dolos,
846 649 1009 695 insidias,
1030 650 1201 695 artificia,
1222 664 1384 700 cognos-

243 721 345 754 cere,
365 717 405 746 et
423 709 514 759 quid
533 710 653 759 sequi,
674 702 765 759 quid
785 710 918 756 vitare,
940 711 1173 747 conveniret.
1228 711 1379 761 Itaque,

242 781 318 818 quo
338 769 433 806 haec
454 769 614 806 celerius
643 770 905 820 conciperent,
933 771 1049 808 dabat
1075 784 1244 821 operam,
1275 780 1314 809 ut
1333 772 1386 809 le·

240 829 374 879 giones
400 842 475 866 non
505 829 541 866 in
562 844 637 867 uno
664 831 753 868 loco
774 832 1000 876 contineret,
1032 832 1097 868 sed
1127 845 1194 881 per
1214 845 1385 869 caussam

241 890 496 928 frumentandi
520 891 594 928 huc
614 899 728 941 atque
748 891 838 928 illuc
859 899 1048 942 raptaret:
1070 892 1155 929 ideo
1176 893 1277 943 quod
1295 893 1384 930 hos-

242 951 335 988 tium
353 951 481 1001 copias
497 952 543 988 ab
559 964 599 988 se
611 965 755 1002 suoque
773 952 931 1002 vestigio
948 965 1021 989 non
1039 952 1270 990 discessuras
1286 953 1385 990 exis-

243 1012 414 1049 timabat.
469 1013 599 1062 Atque
618 1021 704 1062 post
724 1012 825 1049 diem
849 1024 914 1058 ιιι,
942 1013 1149 1063 productas
1168 1013 1383 1050 accuratius

241 1086 327 1110 suas
347 1073 474 1125 copias
501 1074 599 1111 sicut
618 1074 865 1118 instruxerat,
898 1081 1053 1123 propter
1072 1073 1238 1111 hostium
1258 1081 1383 1110 castra

243 1144 561 1184 praetergressus,
599 1148 721 1184 aequo
753 1134 840 1171 loco
872 1134 1006 1171 invitat
1035 1134 1085 1171 ad
1112 1134 1384 1171 dimicandum.

241 1195 450 1246 Postquam
478 1195 682 1232 abhorrere
703 1207 767 1232 eos
786 1194 892 1239 vidit,
924 1194 1074 1232 reducit
1093 1196 1162 1232 sub
1183 1207 1382 1245 vesperum

239 1255 412 1305 legiones
431 1255 469 1292 in
489 1263 623 1294 castra.

291 1316 474 1353 LXXIV.
528 1316 666 1366 Legati
695 1316 846 1354 interim
876 1329 926 1354 cx
945 1317 1086 1367 oppido
1106 1316 1250 1362 Vacca,
1277 1317 1380 1367 quod

238 1376 440 1414 finitimum
471 1377 543 1415 fuit
568 1377 700 1423 Zetae,
733 1379 842 1427 cujus
871 1378 1074 1415 Caesarem
1100 1377 1265 1428 potitum
1293 1389 1376 1415 esse

239 1440 594 1486 demonstravimus,
614 1439 784 1477 veniunt.
825 1439 967 1477 Petunt
987 1447 1025 1477 et
1041 1440 1255 1484 obsecrant,
1277 1446 1318 1476 ut
1334 1439 1384 1477 si-

239 1500 278 1537 bi
309 1501 537 1551 praesidium
558 1501 708 1537 mittat:
741 1513 781 1537 se
800 1512 860 1538 res
888 1500 1116 1551 complures,
1149 1500 1385 1550 quaessfutiles

237 1561 339 1599 bello
359 1561 447 1608 siut,
467 1562 808 1599 administraturos.
855 1561 928 1598 Per
948 1555 1046 1598 idem
1066 1568 1230 1612 tempus,
1250 1560 1298 1597 de
1318 1573 1382 1598 eo-

240 1634 321 1658 rum
354 1622 552 1660 voluntate
584 1623 786 1673 studioque
816 1634 910 1672 erga
938 1622 1153 1667 Caesarem,
1185 1621 1382 1671 transfuga

239 1696 326 1720 suos
347 1683 447 1721 cives
467 1683 557 1721 facit
577 1683 772 1728 certiores,
791 1683 815 1719 J
822 1683 931 1720 ubam
952 1696 1079 1732 regem
1097 1682 1273 1719 celeriter
1291 1695 1381 1719 cum

240 1745 358 1795 copiis
378 1745 468 1789 suis,
499 1751 702 1795 antequam
724 1743 896 1782 Caesaris
924 1742 1152 1794 praesidium
1171 1755 1217 1779 eo
1246 1755 1380 1793 perve-

238 1805 350 1850 niret,
383 1805 431 1842 ad
458 1805 638 1856 oppidum
674 1803 949 1848 accucurrisse‚
989 1809 1116 1853 atque,
1151 1802 1377 1840 adveniente

238 1866 482 1903 multitudine
508 1865 756 1912 circumdata,
786 1877 832 1902 eo
855 1863 1040 1914 potitum;
1068 1863 1320 1914 omnibusque
1341 1877 1379 1900 e-

231 1927 293 1976 jus
313 1927 443 1977 oppidi
472 1926 605 1963 incolis
625 1927 674 1964 ad
700 1938 819 1963 unum
844 1924 1073 1970 interfectis,
1101 1924 1250 1962 dedisse
1271 1925 1378 1976 oppi-

236 1987 327 2024 dum
354 1987 606 2037 diripiendum
631 1985 910 2035 delendumque
930 1985 1122 2023 militibus.

286 2047 450 2084 LXXV.
495 2049 636 2086 Caesar
656 2048 821 2092 interim,
840 2047 1000 2084 lustrato
1020 2047 1194 2084 exercitu
1211 2060 1244 2084 a.
1259 2048 1296 2084 d.
1315 2059 1374 2084 x11

237 2106 324 2144 Kal.
347 2107 442 2156 Apr.
460 2115 613 2157 postero
632 2107 693 2145 die
712 2107 908 2158 productis
929 2107 1110 2144 universis
1130 2107 1262 2157 copiis,
1291 2121 1378 2157 pro·
1398 2147 1403 2150 ,

235 2180 387 2219 gressus
401 2181 423 2205 a
438 2168 514 2206 suis
529 2169 662 2206 castris
677 2167 793 2205 millia
807 2180 984 2219 passuum
1000 2180 1041 2214 v,
1060 2180 1083 2204 a
1097 2166 1286 2218 Scipionis
1306 2168 1377 2205 cir-

236 2229 334 2266 citer
350 2228 469 2266 duam
485 2229 641 2266 millium
663 2229 864 2278 interjecto
883 2228 1020 2278 spatio,
1041 2228 1078 2265 in
1093 2228 1176 2265 acie
1197 2228 1379 2265 constitit.

237 2288 441 2341 Postquam
461 2289 551 2328 satis
581 2289 720 2340 diuque
742 2289 989 2337 adversarios,
1019 2302 1041 2327 a
1059 2302 1099 2327 se
1118 2289 1168 2327 ad
1194 2288 1375 2327 dimican-
