1472 2664
290 301 364 339 DE
393 300 571 338 BELLO
600 300 762 338 ALEX.
789 300 967 338 LIBER.
1124 303 1198 342 127

65 411 102 442 et
122 404 226 442 natio
245 417 377 442 eorum
393 411 432 441 et
451 411 586 442 natura
601 410 869 455 cognoscatur,
889 403 1123 454 aptissimum
1139 416 1197 441 es-

64 477 104 502 se
123 465 197 502 hoc
216 478 338 515 genus
357 466 405 502 ad
419 465 686 516 proditionem,
705 477 817 502 nemo
837 464 1013 501 dubitare
1032 471 1175 513 potest.

114 525 225 563 VIII.
278 526 418 564 Caesar
437 539 591 563 suorum
611 525 786 563 timorem
806 524 1066 562 consolatione
1086 533 1125 562 et
1140 537 1201 562 ra-

63 586 166 623 tione
181 586 400 624 minuebat:
428 600 514 624 nam
534 587 657 638 puteis
672 585 782 624 fossis
795 584 931 635 aquam
948 585 1098 624 dulcem
1116 598 1204 636 pos-

65 658 104 682 se
129 647 285 696 reperiri
305 647 535 690 affirmabat;
566 647 694 684 omnia
711 647 812 683 enim
831 646 961 683 littora
980 646 1204 683 naturaliter

64 718 185 756 aquae
205 707 326 744 dulcis
345 720 459 745 venas
478 708 632 745 habere.
671 707 787 749 Quod
804 707 835 744 si
854 706 927 744 alia
945 714 1047 745 esset
1064 707 1202 745 littoris

65 768 252 818 Aegyptii
275 776 423 814 natura,
451 775 565 819 atque
584 768 753 806 omnium
773 767 1005 818 reliquorum
1023 784 1031 811 ;
1058 775 1204 814 tamen,

64 828 243 878 quoniam
261 842 366 867 mare
385 829 503 867 libere
523 836 713 874 tenerent,
741 841 869 880 neque
888 829 1018 867 hostes
1045 830 1205 867 classem

63 888 266 935 haberent,
285 889 479 939 prohiberi
497 902 579 927 sese
598 901 676 926 non
695 901 821 939 posse,
839 902 914 939 quo
934 889 1058 926 minus
1078 890 1205 940 quoti-

65 948 128 986 die
143 962 279 999 aquam
298 949 455 986 navibus
475 957 665 1000 peterent,
684 950 743 986 vel
758 962 781 987 a
798 949 950 987 sinistra
967 957 1075 1001 parte
1094 963 1117 987 a
1133 950 1205 988 Pa-

66 1009 253 1055 raetonio,
281 1010 341 1047 vel
360 1022 382 1047 a
401 1010 539 1047 dextra
556 1011 603 1048 ab
618 1010 753 1056 insula,
781 1023 879 1060 quae
901 1010 1072 1048 diversae
1100 1011 1205 1048 navi-

69 1069 244 1119 gationes
263 1083 457 1121 nunquam
477 1084 554 1108 uno
572 1078 743 1121 tempore
762 1071 928 1108 adversis
954 1070 1075 1109 ventis
1094 1084 1204 1121 prae-

67 1130 337 1167 cluderentur:
362 1131 477 1181 fugae
496 1144 587 1169 vero
607 1131 752 1168 nullum
779 1144 862 1168 esse
883 1131 1098 1177 consilium,
1126 1145 1204 1169 non

66 1191 188 1229 solum
202 1191 259 1237 iis,
279 1192 343 1242 qui
362 1193 521 1243 primam
536 1192 763 1243 dignitatem
782 1192 981 1238 haberent,
1000 1193 1068 1230 sed
1088 1205 1135 1229 ne
1156 1192 1202 1229 iis

59 1253 227 1303 quidem,
259 1253 323 1303 qui
351 1253 458 1299 nihil,
490 1261 755 1304 praeterquam
783 1252 831 1290 de
849 1253 940 1299 vita,
967 1254 1205 1305 cogitarent:

68 1326 206 1364 magno
226 1314 382 1364 negotio
402 1313 566 1364 impetus
582 1314 744 1351 hostium
762 1314 940 1352 adversos
959 1327 1008 1351 ex
1028 1314 1209 1352 munitio-

68 1374 180 1412 nibus
199 1374 400 1418 sustincri;
427 1375 563 1425 quibus
583 1374 740 1419 relictis,
759 1387 831 1412 nec
850 1375 937 1412 loco
956 1388 1029 1413 nec
1048 1388 1207 1413 numero

67 1447 176 1486 pares
192 1447 275 1472 esse
294 1448 427 1485 posse:
456 1447 631 1485 magnam
647 1441 774 1472 autem
795 1447 937 1472 moram
952 1443 992 1472 et
1010 1435 1211 1473 difficulta-

70 1502 148 1532 tem
168 1495 394 1533 adscensum
413 1496 452 1532 in
479 1508 594 1533 naves
619 1495 775 1540 habere,
807 1495 1031 1546 praesertim
1059 1509 1108 1533 ex
1128 1509 1210 1534 sca-

68 1555 178 1606 phis:
206 1567 392 1593 summam
410 1568 493 1593 esse
513 1562 647 1593 contra
666 1555 704 1592 in
726 1555 998 1593 Alexandrinis
1031 1557 1212 1595 velocita-

68 1623 161 1662 tem,
180 1616 429 1666 locorumque
449 1623 487 1653 et
504 1615 766 1653 aedificiorum
787 1613 978 1654 notitiam:
999 1618 1081 1663 hos,
1098 1630 1206 1667 prae-

68 1676 181 1727 cipue
200 1677 239 1713 in
254 1676 414 1714 victoria
432 1677 652 1722 insolentes,
671 1689 958 1726 praecursumS,
980 1684 1019 1715 et
1034 1678 1119 1715 loca
1137 1691 1206 1715 ex-

71 1737 232 1775 celsiora
246 1744 361 1788 atque
376 1737 549 1775 aedificia
563 1744 834 1788 occupatur-053
854 1739 906 1775 ita
923 1738 1018 1788 fuga
1031 1738 1208 1776 navibus-

71 1810 145 1847 que
163 1804 314 1835 nostros
341 1797 622 1848 prohibituros:
660 1797 820 1848 proinde
846 1799 928 1847 ejus
948 1798 1096 1835 consilii
1116 1799 1211 1836 obli—

69 1858 320 1904 viscerentur,
347 1866 461 1910 atque
480 1859 583 1896 omni
609 1859 753 1896 ratione
773 1871 856 1896 esse
884 1858 1114 1896 vincendum
1144 1872 1210 1897 co-

71 1918 251 1968 gitarent.

124 1979 194 2015 IX.
249 1979 337 2017 Hac
356 1980 528 2018 oratione
547 1981 650 2030 apud
677 1993 763 2018 suos
782 1980 927 2026 habita,
954 1987 1069 2031 atque
1089 1983 1210 2019 omni·

71 2052 136 2076 um
155 2040 347 2077 mentibus
374 2041 564 2086 excitatis,
595 2041 660 2078 dat
687 2041 974 2078 centurionibus
1001 2042 1212 2091 negotium,

73 2106 129 2146 ut,
153 2101 308 2151 reliquis
327 2101 506 2151 operibus
526 2101 761 2148 intermissis,
789 2102 838 2139 ad
856 2101 1055 2139 fodiendos
1076 2111 1212 2153 puteos

74 2161 241 2198 animum
262 2161 475 2208 conferant,
505 2174 601 2199 neve
620 2175 733 2212 quam
752 2169 900 2212 partem
918 2162 1095 2200 nocturni
1116 2170 1212 2200 tem-

74 2222 175 2272 poris
191 2222 457 2259 intermittant.
501 2223 588 2264 Quo
607 2230 786 2273 suscepto
806 2223 976 2272 negotio,
995 2230 1111 2273 atque
1131 2235 1211 2260 om-

76 2282 180 2318 nium
200 2281 333 2319 animis
352 2283 401 2319 ad
419 2282 589 2320 laborem
609 2282 789 2329 incitatis,
818 2296 969 2333 magna,
990 2296 1064 2321 una
1084 2292 1211 2329 nocte,

77 2341 131 2379 vis
149 2354 271 2393 aquae
289 2343 410 2382 dulcis
430 2342 584 2382 inventa
602 2350 672 2381 est.
710 2344 770 2382 lta
789 2343 958 2394 operosis
980 2343 1213 2385 Alexandri-
