1472 2664
551 266 715 305 LIBER
767 265 798 303 1.
1186 266 1232 302 15

95 372 193 411 ‘Erat
212 385 328 409 unum
347 371 433 416 iter,
461 370 624 407 Ilerdam
643 369 674 406 si
703 367 844 405 reverti
864 365 1029 409 vellent;
1055 365 1229 413 alterum,

96 434 127 471 si
159 433 416 470 Tarraconem
449 437 637 481 peterent.
702 428 814 466 Haec
847 427 1131 466 consiliantibus
1162 429 1232 474 eis,

97 494 314 538 nunciatur,
334 499 535 542 aquatores
555 492 602 528 ab
631 490 804 540 equitatu
823 487 943 539 premi
970 496 1122 525 nostro:
1156 501 1232 538 qua

96 566 136 590 re
170 552 338 602 cognita,
365 553 517 588 crebras
545 550 727 588 stationes
758 549 964 599 disponunt
994 548 1164 598 equitum
1192 557 1232 585 et

96 612 310 649 cohortium
338 611 551 655 alariarum,
584 608 886 659 legionariasque
915 608 1149 657 interjiciunt
1167 621 1232 646 co-

98 671 244 716 hortes,
271 671 486 721 vallumque
518 683 568 707 ex
588 669 720 707 castris
739 668 787 706 ad
806 680 943 719 aquam
971 668 1113 706 ducere
1140 670 1234 707 inci-

99 731 224 781 piunt,
244 738 286 768 ut
304 731 404 768 intra
421 730 686 775 munitionem,
708 737 746 767 et
763 729 845 766 sine
860 729 994 766 timore
1010 736 1049 768 et
1063 730 1144 767 sine
1159 738 1234 768 sta-

101 791 283 836 tionibus,
313 791 443 841 aquari
462 797 629 841 possent.
682 789 728 826 Id
757 802 852 839 opus
870 789 970 826 inter
993 802 1034 826 se
1062 789 1236 828 Petreius

98 858 214 901 atque
236 851 418 888 Afranius
437 851 675 902 partiuntur3
694 850 855 901 ipsique,
875 850 1096 900 perficiendi
1111 852 1236 902 operis

99 923 246 956 caussa,
272 911 424 962 longius
442 912 750 962 progrediuntur.

147 970 329 1008 LXXIV.
383 973 556 1014 Quorum
576 972 745 1009 discessu
774 971 932 1008 liberam
963 972 1066 1010 nacti
1098 973 1237 1011 milites

101 1031 377 1082 colloquiorum
398 1032 632 1078 facultatem,
661 1032 774 1081 vulgo
792 1032 1021 1082 procedunt,
1049 1041 1102 1079 et,
1122 1047 1236 1084 quem

98 1092 257 1142 quisque
276 1092 314 1128 in
329 1092 461 1129 castris
476 1099 610 1129 notum
625 1099 691 1129 aut
704 1092 935 1142 municipem
950 1093 1129 1139 habebat,
1145 1107 1236 1131 con-

100 1152 216 1202 quirit
230 1159 345 1202 atque
364 1160 510 1190 evocat.
540 1152 708 1189 Primum
724 1159 842 1200 agunt
857 1152 998 1202 gratias
1014 1166 1143 1191 omnes
1159 1167 1238 1191 om·

95 1212 221 1258 nibus,
255 1212 358 1262 quod
376 1212 446 1249 sibi
476 1213 687 1263 perterritis
716 1212 836 1262 pridie
863 1213 1145 1262 pepercissent:
1173 1228 1237 1252 co-

97 1285 181 1309 rum
213 1285 254 1310 se
282 1272 470 1310 beneficio
499 1273 647 1310 vivere:
687 1271 826 1310 deinde
855 1273 1092 1323 imperatoris
1123 1274 1238 1312 fidem

98 1340 301 1383 quaerunt,
334 1341 490 1370 rectene
518 1346 558 1370 se
579 1333 630 1369 illi
657 1332 733 1370 sint
761 1333 1025 1376 commissuri;
1053 1341 1104 1379 et,
1138 1335 1241 1384 quod

99 1405 178 1430 non
205 1393 252 1430 ab
273 1392 381 1430 initio
408 1393 584 1438 fecerint,
612 1405 792 1443 armaque
813 1405 899 1430 cum
929 1393 1144 1432 hominibus
1172 1408 1238 1433 ne-

96 1453 272 1491 cessariis
308 1461 348 1491 et
384 1453 679 1504 consanguineis
715 1453 962 1499 contulerint,
1013 1464 1239 1505 queruntur.

95 1513 170 1551 His
204 1514 402 1564 provocati
430 1513 681 1559 sermonibus,
713 1513 826 1550 fidem
855 1513 901 1550 ab
930 1513 1160 1564 imperatore
1189 1517 1238 1554 de

96 1571 240 1610 Petreii
258 1580 373 1623 atque
389 1573 539 1610 Afranii
555 1574 631 1611 vita
649 1580 799 1623 petunt,
826 1586 875 1610 ne
893 1574 995 1624 quod
1009 1574 1046 1611 in
1061 1588 1102 1612 se
1115 1576 1239 1614 scelus

96 1633 335 1683 concepisse,
363 1647 438 1671 neu
457 1647 544 1672 suos
563 1634 788 1685 prodidisse,
820 1633 1032 1672 videantur.
1087 1636 1236 1678 Quibus

98 1693 331 1732 confirmatis
350 1695 478 1740 rebus,
497 1707 538 1732 se
557 1693 683 1732 statim
701 1694 811 1744 signa
830 1694 1082 1733 translaturos
1102 1697 1240 1733 confir-

93 1760 222 1790 mant:
251 1754 475 1804 legatosque
503 1755 550 1792 de
570 1767 666 1805 pace
685 1755 891 1805 primorum
911 1755 1086 1793 ordinum
1106 1764 1241 1796 centu-

96 1814 222 1851 riones
242 1814 289 1852 ad
312 1815 514 1852 Caesarem
535 1815 702 1852 mittunt.
736 1815 895 1852 Interim
915 1816 976 1852 alii
992 1828 1081 1854 suos
1101 1817 1138 1854 in
1158 1830 1240 1855 cas-

98 1882 157 1912 tra
184 1875 368 1913 invitandi
397 1888 531 1913 caussa
557 1875 770 1920 adducunt,
799 1875 861 1912 alii
881 1876 927 1912 ab
947 1876 1022 1913 suis
1042 1877 1239 1915 abducun-

95 1944 174 1980 tur;
195 1937 292 1974 adeo
309 1944 351 1974 ut
372 1949 447 1974 una
461 1945 585 1974 castra
599 1938 677 1985 jam
693 1936 794 1974 sacta
813 1949 862 1974 ex
882 1935 979 1973 binis
998 1936 1218 1975 viderentur
1231 1952 1243 1976 ι

99 1996 391 2047 compluresque
411 1995 554 2033 tribuni
574 1995 735 2032 militum
752 2003 790 2032 et
810 1995 1054 2033 centuriones
1073 1997 1123 2034 ad
1143 1998 1240 2035 Cae-

96 2068 219 2093 sarem
239 2056 412 2102 veniunt,
444 2068 561 2107 seque
580 2056 616 2093 ei
635 2056 920 2093 commendant.
974 2056 1081 2094 Idem
1102 2057 1176 2095 hoc
1196 2058 1240 2095 fit

95 2128 118 2152 a
136 2115 373 2166 principibus
394 2116 618 2166 Hispaniae,
645 2129 740 2166 quos
760 2117 812 2153 illi
832 2124 1100 2162 evocaverant,
1127 2125 1166 2155 et
1184 2131 1242 2156 se-

97 2188 187 2212 eum
207 2175 246 2212 in
266 2177 399 2214 castris
418 2177 613 2214 habebant
628 2176 802 2214 obsidum
819 2176 918 2214 loco.
972 2177 1003 2213 li
1023 2189 1111 2214 suos
1130 2184 1242 2215 notos

97 2236 345 2287 hospitesque
361 2236 608 2287 quaerebant,
628 2249 696 2286 per
711 2249 823 2287 quem
839 2237 1000 2287 quisque
1014 2250 1146 2275 eorum
1166 2238 1246 2275 adi-

100 2299 181 2334 tum
202 2297 542 2339 commendationis
569 2297 728 2338 haberet
745 2297 795 2336 ad
822 2298 1037 2337 Caesarem.
1091 2298 1243 2337 Afranii
