1472 2664
216 214 261 250 14
515 208 590 246 DE
632 207 810 245 BELLO
852 208 1020 246 CIVILI

208 310 383 348 omnibus
411 311 580 361 partibus
600 311 646 348 ab
675 324 720 348 eo
748 311 1002 361 flagitabatur.
1057 310 1346 348 Concurrebant

208 371 339 421 legati,
359 372 615 416 centuriones,
643 372 862 422 tribunique
881 372 1058 416 militum,
1088 384 1136 408 ne
1155 371 1347 408 dubitaret

207 432 393 482 proelium
414 432 676 473 committere;
707 432 875 469 omnium
895 445 977 469 esse
1006 432 1165 469 militum
1186 432 1342 482 paratis-

208 493 323 530 simos
343 493 505 530 animos:
535 492 769 529 Afranianos
789 501 923 530 contra
942 492 1068 529 multis
1096 492 1209 529 rebus
1224 493 1281 529 sui
1301 493 1347 528 ti-

205 552 321 589 moris
335 553 442 601 signa
457 553 616 597 misisse,
636 552 739 602 quod
757 552 832 588 suis
848 565 923 589 non
940 551 1226 595 subvenissent;
1245 552 1347 601 quod

205 613 254 651 de
277 613 373 666 colle
392 626 466 650 non
487 613 742 655 decederent3
775 613 877 662 quod
896 613 957 650 vix
980 612 1152 663 equitum
1171 612 1344 649 incursus

209 675 464 717 sustinerent;
497 674 719 724 collatisque
750 673 786 709 in
807 686 922 710 unum
944 674 1070 710 locum
1097 672 1227 722 signiS‚
1256 685 1348 709 con-

205 735 307 781 ferti,
327 748 452 785 neque
472 735 624 771 ordines
650 747 773 784 neque
793 734 901 784 signa
919 740 1126 770 servarent.
1182 732 1294 774 Quod
1317 733 1347 769 si

207 796 447 846 iniquitatem
467 795 541 831 loci
562 795 726 839 timeret,
754 794 883 831 datum
905 795 949 830 iri
969 802 1094 831 tamen
1115 795 1240 844 aliquo
1259 794 1348 832 loco

205 854 402 904 pugnandi
432 853 670 898 facultatem,
699 853 801 903 quod
831 861 935 890 certe
965 854 1053 891 inde
1083 853 1347 891 decedendum

204 922 305 951 esset
334 913 508 958 Afranio,
529 927 601 951 nec
620 913 700 950 sine
720 926 817 963 aqua
837 927 1059 964 permanere
1078 922 1220 964 posset.

253 974 419 1011 LXXII.
460 974 600 1011 Caesar
619 974 656 1010 in
673 986 754 1011 eam
770 987 875 1024 spem
895 981 1063 1019 venerat,
1083 986 1123 1011 se
1143 974 1224 1011 sine
1245 988 1344 1025 pug-

209 1048 258 1072 na
278 1042 317 1072 et
336 1035 416 1072 sine
435 1035 591 1071 vulnere
612 1047 764 1071 suorum
784 1047 864 1071 rem
885 1035 1077 1072 conficere
1097 1047 1228 1085 posse;
1248 1036 1350 1086 quod

205 1108 247 1132 re
266 1095 513 1132 frumentaria
539 1095 775 1131 adversarios
795 1095 1080 1132 interclusisset.
1135 1095 1213 1132 Cur
1232 1096 1347 1133 etiam

202 1156 372 1193 secundo
392 1155 535 1205 proelio
551 1156 698 1206 aliquos
717 1169 766 1192 ex
787 1155 863 1193 suis
877 1156 1069 1192 amitteret
1084 1156 1097 1193 ?
1127 1168 1196 1192 cur
1214 1156 1345 1192 vulne·

205 1217 278 1254 rari
298 1223 496 1267 pateretur
516 1217 658 1266 optime
686 1217 734 1254 de
754 1229 794 1253 se
813 1216 968 1253 meritos
987 1216 1153 1253 milites?
1193 1229 1261 1254 cur
1280 1217 1346 1254 de-

204 1278 320 1328 nique
339 1277 532 1313 fortunam
552 1277 861 1327 periclitaretur?
890 1276 1112 1328 praesertim
1133 1289 1248 1326 quum
1270 1290 1346 1314 non

203 1337 328 1374 minus
348 1344 449 1374 esset
469 1336 720 1387 imperatoris,
740 1336 899 1373 consilio
919 1347 1113 1385 superare,
1133 1347 1245 1385 quam
1265 1336 1347 1386 gla-

202 1399 280 1435 dio.
327 1396 559 1434 Movebatur
578 1397 692 1434 etiam
711 1397 974 1435 misericordia
993 1395 1147 1441 civium,
1176 1409 1270 1446 quos
1290 1396 1346 1434 in-

202 1458 445 1496 terficiendos
465 1458 639 1495 videbat:
666 1459 803 1509 quibus
818 1458 928 1495 salvis
943 1465 1057 1508 atque
1077 1456 1345 1504 incolumibus,

206 1533 286 1557 rem
307 1520 468 1556 obtineri
489 1519 666 1557 malebat.
703 1519 794 1557 Hoc
815 1518 1013 1557 consilium
1034 1518 1206 1556 Caesaris
1225 1532 1247 1556 a
1265 1520 1346 1571 ple-

202 1581 329 1631 risque
348 1594 423 1617 non
439 1580 691 1630 probabatur;
711 1580 849 1618 milites
866 1593 956 1617 vero
975 1580 1097 1630 palam
1117 1580 1216 1618 inter
1230 1593 1270 1618 se
1289 1581 1344 1619 lo-

201 1643 429 1693 quebantur,
458 1641 635 1691 quoniam
657 1642 740 1678 talis
761 1641 911 1679 occasio
931 1641 1114 1678 victoriae
1134 1641 1344 1681 dimittere-

202 1711 279 1748 tur,
307 1702 421 1738 etiam
441 1714 556 1751 quum
576 1701 692 1739 vellet
712 1702 867 1746 Caesar,
896 1714 978 1738 sese
998 1714 1073 1738 non
1094 1714 1176 1739 esse
1195 1715 1343 1752 pugna·

201 1772 318 1800 turos.
372 1761 442 1799 Ille
462 1761 499 1797 in
519 1774 587 1798 sua
602 1761 791 1798 sententia
810 1769 1049 1811 perseverat;
1077 1769 1115 1799 et
1134 1762 1345 1812 paullulum

200 1837 250 1860 ex
270 1835 316 1859 co
336 1822 422 1859 loco
442 1821 668 1871 digreditur,
689 1830 731 1858 ut
750 1822 923 1858 timorem
944 1823 1165 1860 adversariis
1184 1824 1341 1861 minuat.

201 1883 377 1921 Petreius
409 1890 524 1932 atque
554 1882 751 1927 Afranius,
784 1882 910 1919 oblata
934 1882 1130 1928 facultate,
1162 1884 1199 1920 in
1219 1891 1344 1922 castra

206 1956 289 1981 sese
322 1942 506 1979 reserunt-
536 1943 691 1988 Caesar,
723 1943 920 1993 praesidiis
940 1943 975 1979 in
995 1944 1189 1981 montibus
1217 1944 1343 1995 dispo-

205 2004 284 2041 sitis
304 2002 405 2040 omni
425 2002 473 2039 ad
506 2002 659 2039 Iberum
680 2002 886 2039 intercluso
907 2002 1056 2048 itinere,
1077 2016 1189 2053 quam
1209 2003 1337 2054 proxi-

200 2077 261 2100 me
281 2070 407 2113 potest
426 2063 592 2100 hostium
614 2063 760 2108 castris,
790 2070 913 2100 castra
940 2064 1162 2101 communit.

251 2123 438 2159 LXXIII.
493 2122 654 2159 Postero
682 2122 743 2159 die
773 2122 890 2159 duces
922 2122 1222 2160 adversariorum
1251 2135 1338 2173 per·

203 2183 360 2229 turbati,
388 2183 490 2234 quod
510 2195 660 2220 omnem
682 2182 735 2219 rei
755 2182 1025 2220 frumentariae
1043 2183 1284 2234 fluminisque
1303 2184 1340 2220 1-

201 2244 281 2291 beri
300 2256 406 2294 spem
427 2243 661 2288 dimiserant,
689 2242 737 2280 de
756 2242 910 2293 reliquis
929 2244 1042 2281 rebus
1061 2244 1340 2282 consultabant.
