1472 2664
301 272 376 311 DE
404 273 583 312 BELLO
612 272 772 311 ALEX.
800 272 978 310 LIBER.
1138 277 1203 313 131

66 376 320 428 adversasque
339 389 454 415 naves
472 377 646 415 hostibus
664 376 885 414 constituit:
911 376 949 413 in
964 375 1102 413 dextro
1121 389 1206 414 cor-

67 450 121 478 nu
143 438 316 477 Rhodias
335 438 512 483 collocat,
539 438 577 475 in
597 437 750 475 sinistro
769 436 962 475 Ponticas.
1013 436 1120 473 Inter
1139 437 1206 475 has

65 499 232 549 spatium
251 511 302 537 cn
321 512 499 550 passuum
519 498 712 549 relinquit,
740 499 844 548 quod
861 499 952 536 satis
970 511 1052 536 esse
1071 499 1121 535 ad
1139 512 1206 536 ex-

67 559 264 610 plicandas
283 572 398 597 naves
415 560 627 597 videbatur.
666 559 775 597 ‚Post
792 559 895 596 hunc
920 559 1093 597 ordinem
1121 560 1208 596 reli-

67 632 162 670 quas
181 633 295 658 naves
314 620 486 658 subsidio
504 620 720 658 distribuit:
749 632 846 670 quae
865 633 1056 671 quamque
1075 633 1206 659 earum

66 686 263 730 sequatur,
291 690 330 718 et
348 680 411 718 cui
431 681 644 726 subveniat,
672 681 871 718 constituit
897 688 1013 731 atque
1032 681 1207 731 imperat.

65 738 156 776 Non
173 739 394 778 dubitanter
407 741 659 778 Alexandrini
672 741 831 779 classem
845 741 1076 792 producunt,
1090 748 1205 791 atque

65 799 259 837 instruunt
273 814 284 836 ;
310 800 349 836 in
363 799 490 838 fronte
506 801 697 839 collocant
715 813 822 848 xxu,
842 801 1006 852 reliquas
1020 802 1204 840 subsidia-

65 860 140 896 rias
160 859 197 896 in
215 860 386 898 secundo
402 861 534 898 ordine
550 861 801 900 constituunt.
854 862 1041 913 Magnum
1057 870 1206 913 praete-

65 931 132 957 rea
146 933 347 958 numerum
367 921 555 959 minorum
575 923 810 973 navigiorum
827 930 866 960 et
880 923 1106 972 scapharum
1121 936 1206 972 pro-

66 981 215 1019 ducunt
235 994 322 1019 cum
338 982 538 1029 malleolis,
559 983 799 1034 ignibusque,
821 983 849 1020 si
870 983 961 1034 quid
981 983 1062 1034 ipsa
1081 983 1207 1020 multi-

66 1042 173 1089 tudo,
188 1050 227 1080 et
246 1042 403 1088 clamor,
419 1051 458 1081 et
469 1043 633 1090 flamma,
649 1044 786 1082 nostris
802 1045 957 1082 terroris
969 1044 1103 1081 afferre
1118 1057 1204 1094 pos-

66 1109 165 1141 sent.
203 1103 324 1142 Erant
344 1104 443 1141 inter
462 1105 556 1143 duas
576 1106 716 1143 classes
735 1105 830 1143 vada
849 1106 1010 1143 transitu
1029 1114 1206 1156 angusto,

69 1174 166 1213 quae
181 1163 375 1214 pertinent
394 1165 443 1202 ad
458 1166 654 1215 regionem
672 1165 829 1204 Africae
845 1180 854 1202 ε
888 1166 963 1217 (sic
978 1166 1078 1203 enim
1100 1179 1207 1217 prae-

67 1223 211 1269 dicant,
239 1232 385 1274 partem
411 1238 494 1263 esse
516 1226 775 1265 Alexandriae
807 1226 1000 1264 dimidiam
1021 1226 1200 1278 Africae)

63 1284 228 1335 satisque
241 1285 307 1323 diu
320 1286 418 1324 inter
432 1287 533 1338 ipsos
548 1294 606 1324 est
618 1294 898 1337 exspectatum,
913 1287 960 1324 ab
975 1287 1067 1324 utris
1083 1295 1204 1325 trans-

64 1350 179 1388 eundi
208 1349 318 1386 fieret
343 1347 519 1390 initium;
545 1355 752 1398 propterea
769 1346 874 1397 quod.
900 1347 954 1383 eis
980 1346 1044 1396 qui
1069 1346 1205 1384 intras·

62 1418 164 1456 sent,
183 1417 223 1448 et
241 1409 290 1447 ad
316 1408 582 1459 explicandam
603 1408 776 1453 classem,
805 1415 843 1445 et
863 1408 911 1445 ad
931 1415 1143 1458 receptum,
1174 1409 1205 1446 si

62 1471 195 1508 durior
213 1469 416 1508 accidisset
436 1481 559 1514 casus,
585 1468 844 1518 impeditiores
862 1469 947 1506 fore
966 1469 1204 1506 videbantur.

112 1530 200 1567 XV.
254 1529 414 1567 Rhodiis
434 1529 591 1566 navibus
611 1537 786 1579 praeerat
812 1529 1056 1580 Euphranor,
1088 1529 1206 1567 animi

61 1590 327 1642 magnitudine
347 1603 393 1628 ac
414 1590 555 1627 virtute
570 1590 690 1640 magis
710 1603 796 1628 cum
816 1591 954 1629 nostris
973 1592 1205 1637 hominibus,

62 1665 178 1703 quam
193 1664 280 1690 cum
295 1651 468 1696 Graecis,
486 1651 775 1701 comparandus.
812 1651 892 1688 Hic
906 1652 954 1689 ob
970 1651 1206 1689 notissimam

65 1713 280 1759 scientiam,
299 1720 415 1763 atque
428 1711 542 1749 animi
562 1712 880 1761 magnitudinem,
899 1712 1073 1754 delectus
1085 1720 1144 1750 est
1157 1714 1205 1750 ab

63 1773 239 1818 Rhodiis,
256 1773 321 1823 qui
339 1772 537 1823 imperium
553 1771 682 1808 classis
695 1771 898 1808 obtineret.
926 1771 1014 1816 Qui,
1029 1771 1093 1808 ubi
1108 1772 1206 1809 Cae-

63 1835 157 1872 saris
169 1834 338 1872 animum
350 1833 528 1878 advertit,
548 1838 574 1855 “
592 1832 741 1870 Videris
757 1832 892 1877 mihi,'’
909 1833 1046 1882 inquit,
1067 1838 1092 1855 “
1108 1833 1205 1871 Cae-

63 1900 89 1918 “
110 1907 185 1940 sar,
211 1894 349 1940 vereri,
368 1894 399 1931 si
419 1894 515 1932 haec
535 1893 631 1931 vada
649 1894 793 1944 primus
813 1894 971 1931 navibus
991 1894 1205 1940 intraveris,

63 1960 89 1977 “
110 1967 158 1992 ne
184 1955 288 2006 prius
316 1954 497 1992 dimicare
518 1955 680 2004 cogaris,
709 1967 821 2005 quam
841 1954 1024 2005 reliquam
1045 1954 1206 1992 classem

63 2021 89 2038 “
110 2016 230 2065 possis
246 2015 462 2065 explicare:
483 2015 591 2053 nobis
609 2028 688 2052 rem
701 2015 916 2058 committe;
936 2027 1003 2052 nos
1017 2015 1206 2065 proelium

66 2081 92 2098 “
111 2076 396 2121 sustinebimus,
417 2076 563 2126 (neque
577 2076 883 2126 tuumjudicium
897 2075 1093 2127 fallemus)
1113 2076 1204 2113 dum

63 2143 89 2161 “
109 2138 243 2189 reliqui
263 2138 567 2189 subsequanturz
595 2138 665 2175 hos
685 2138 839 2188 quidem
854 2137 995 2175 diutius
1014 2138 1052 2174 in
1073 2146 1204 2176 nostro

64 2203 90 2221 ‘⁴
111 2207 325 2249 conspectu
343 2198 499 2249 gloriari
519 2211 658 2248 magno
678 2199 788 2237 nobis
806 2206 845 2237 et
870 2198 1054 2237 dedecori
1076 2208 1114 2238 et
1138 2200 1206 2238 do·

66 2265 92 2282 “
111 2259 184 2297 lori
204 2261 305 2297 est.''
344 2260 498 2305 Caesar,
515 2259 618 2297 illum
638 2259 876 2307 adhortatus,
895 2268 1010 2310 atque
1030 2262 1205 2298 omnibus

65 2319 242 2358 laudibus
259 2328 500 2371 prosecutus,
519 2318 585 2357 dat
598 2319 748 2369 signum
763 2332 926 2370 pugnae.
981 2319 1206 2369 Progressas
