1472 2664
224 222 274 256 ΩΟ
522 218 597 256 DE
644 219 823 256 BELLO
871 221 1036 258 C1V1L1

221 320 432 370 equitatum
466 334 618 359 omnem
648 323 852 360 convenire
880 325 1006 373 jubet,
1040 324 1159 361 aciem
1189 324 1361 368 instruit;

222 389 357 419 contra
376 381 594 431 opinionem
613 383 714 420 enim
739 383 916 428 militum,
944 384 1160 433 famamque
1180 385 1362 429 omnium,

220 442 341 478 videri
364 443 549 492 proelium
571 443 763 493 defugisse
783 456 962 493 magnum
984 443 1254 482 detrimentum
1275 446 1364 482 affe-

221 504 340 540 rebat.
395 502 470 540 Sed
502 504 644 540 eisdem
674 504 721 540 de
743 505 896 549 caussis,
932 518 1029 554 quae
1056 514 1143 542 sunt
1172 506 1364 555 cognitae,

221 578 298 614 quo
329 564 453 601 minus
480 563 662 601 dimicare
688 565 816 609 vellet,
851 566 1101 605 movebatur:
1141 573 1257 616 atque
1290 567 1365 603 hoc

220 625 334 662 ctiam
368 625 501 675 magis,
534 625 636 674 quod
667 625 778 674 spatii
811 626 990 671 brevitas,
1023 626 1136 662 etiam
1168 626 1204 662 in
1232 627 1362 676 fugam

220 687 406 735 conjectis
426 686 664 730 adversariis,
695 699 771 722 non
792 686 952 722 multum
973 687 1021 723 ad
1040 700 1222 723 summum
1243 687 1362 723 victo-

222 746 300 783 riae
326 748 461 795 juvare
490 753 664 796 poterat:
694 759 770 783 non
803 746 904 783 enim
931 746 1090 796 amplius
1111 747 1250 796 pedum
1282 746 1364 782 mil·

220 806 318 843 libus
350 818 382 843 11
403 807 449 843 ab
480 807 613 843 castris
641 814 764 843 castra
783 806 987 844 distabant.
1044 807 1147 844 Hine
1167 807 1261 843 duas
1280 819 1365 857 par-

223 874 280 904 tes
309 867 411 904 acies
437 867 701 917 occupabant3
741 868 855 904 tertia
879 869 1053 912 vacabat,
1091 868 1138 904 ad
1170 867 1363 904 incursum

222 935 338 978 atque
358 927 541 978 impetum
557 928 718 964 militum
738 928 883 965 relicta,
923 928 960 965 Si
981 929 1166 978 proelium
1189 928 1365 964 commit-

220 996 381 1033 teretur,
409 988 673 1039 propinquitas
692 998 903 1026 castrorum
923 989 1087 1026 celerem
1108 988 1294 1038 superatis
1315 1001 1364 1025 ex

220 1049 314 1099 fuga
345 1056 544 1099 receptum
574 1049 700 1086 dabat.
756 1049 843 1086 Hac
863 1050 910 1086 de
939 1062 1073 1087 caussa
1093 1049 1366 1094 constituerat,

221 1110 331 1160 signa
362 1109 613 1147 inferentibus
633 1109 824 1156 resistere,
854 1110 958 1161 prior
985 1111 1129 1160 proelio
1150 1122 1225 1147 non
1246 1111 1366 1148 laces-

222 1184 320 1208 sere.

272 1232 497 1269 LXXXIII.
545 1233 662 1270 Acies
682 1240 763 1270 erat
781 1232 991 1270 Afraniana
1009 1233 1150 1282 duplex
1171 1232 1364 1282 legionum

221 1306 267 1330 v:
287 1293 442 1330 tertium
462 1293 500 1330 in
520 1293 697 1330 subsidiis
711 1293 839 1330 locum
858 1292 997 1329 alariae
1017 1292 1195 1329 cohortes
1215 1292 1365 1329 obtine-

220 1355 326 1391 bant.
364 1354 537 1391 Caesaris
557 1354 721 1403 triplex:
751 1354 819 1390 sed
838 1353 996 1403 primam
1015 1352 1136 1389 aciem
1156 1359 1366 1402 quaternae

220 1415 402 1453 cohortes
421 1428 469 1452 ex
498 1427 525 1451 v
544 1414 761 1464 legionibus
790 1414 996 1456 tenebant;
1027 1412 1095 1449 has
1114 1413 1365 1451 subsidiariae

220 1485 367 1522 ternae,
396 1483 434 1512 et
453 1488 583 1512 rursus
603 1475 698 1512 aliae
726 1474 901 1518 totidem,
932 1486 1021 1511 suae
1042 1475 1229 1524 cujusque
1249 1474 1368 1524 legio-

219 1537 292 1581 nis,
320 1536 675 1586 subsequebantur:
703 1534 891 1584 sagittarii
920 1534 1211 1584 funditoresque
1240 1535 1369 1572 media

219 1597 518 1635 continebantur
538 1595 643 1632 acie:
675 1595 869 1645 equitatus
886 1594 1006 1631 latera
1033 1594 1225 1643 cingebat.
1280 1594 1363 1631 Tali

218 1659 405 1695 instructa
423 1657 518 1702 acie,
552 1666 682 1693 tenere
704 1663 863 1705 uterque
882 1655 1118 1705 propositum
1138 1654 1362 1692 videbatur:

221 1719 376 1764 Caesar,
396 1717 467 1753 nisi
487 1725 658 1762 coactus,
690 1716 876 1766 proelium
897 1729 971 1752 non
993 1716 1256 1758 committere3
1284 1716 1363 1762 ille,

218 1787 262 1817 ut
280 1791 397 1829 opera
416 1778 588 1816 Caesaris
605 1777 819 1828 impediret.
873 1776 1104 1813 Producitur
1124 1785 1252 1813 tamen
1275 1789 1334 1813 res
1351 1793 1361 1819 ;

219 1840 397 1890 aciesque
417 1839 461 1876 ad
483 1839 571 1875 solis
590 1851 768 1875 occasum
789 1837 1057 1874 continentur:
1096 1836 1183 1874 inde
1215 1837 1365 1887 utrique

219 1902 258 1938 in
279 1910 403 1937 castra
423 1899 639 1936 discedunt.
693 1897 854 1935 Postero
874 1897 935 1934 die
955 1897 1186 1934 munitiones
1211 1898 1362 1935 institu-

220 1971 277 1999 tas
293 1962 434 1998 Caesar
452 1967 561 2010 parat
581 1959 789 2010 perficere:
817 1958 870 1994 illi
890 1957 1026 1994 vadum
1046 1957 1212 1994 fluminis
1259 1957 1366 1996 Sico-

218 2023 269 2059 ris
289 2029 451 2066 tentare,
472 2020 501 2056 si
522 2020 682 2056 transire
703 2027 869 2069 possent.
924 2019 1010 2059 Qua
1030 2031 1069 2054 re
1089 2017 1364 2065 animadversa,

219 2082 362 2119 Caesar
392 2080 607 2116 Germanos
626 2078 719 2116 levis
749 2085 978 2122 armaturae,
1009 2077 1258 2128 equitumque
1277 2092 1363 2128 par·

218 2150 310 2187 tem,
342 2142 486 2178 flumen
515 2138 717 2188 transjicit,
751 2139 980 2188 crebrasque
1001 2138 1038 2174 in
1059 2138 1148 2188 ripis
1169 2139 1362 2176 custodias

220 2203 401 2254 disponit.

267 2262 488 2304 LXXXIV.
542 2260 729 2307 Tandem,
749 2259 923 2298 omnibus
940 2260 1053 2297 rebus
1068 2260 1226 2306 obsessi,
1248 2272 1358 2311 quar-
