1472 2664
214 228 288 263 266
480 225 705 263 NOMINA
734 226 1094 272 POPULORUM,

217 326 342 373 Essu1‚
363 327 525 378 populus
545 328 707 365 Galliae.
744 342 832 365 ceux
850 329 894 366 de
910 330 1013 366 Seez.
1048 329 1254 380 Sedpotius
1273 343 1349 366 cre-

321 387 423 425 ditur
440 394 648 439 corruptum
668 402 711 424 ex
731 388 870 425 Aedui.

219 447 390 485 Eusubii.
423 449 592 486 creditur
611 456 832 498 corruptum
852 461 900 485 ex
930 447 1051 486 Unelli
1069 448 1129 485 vel
1151 448 1313 486 Lexovii.

770 508 799 544 F

218 567 377 614 Fanum,
397 569 488 605 urbs
509 569 705 612 Umbriae,
725 569 763 605 in
779 568 900 606 Italia.
954 569 1072 606 Fano.

218 627 411 674 Frentani,
441 629 602 679 populus
621 629 767 666 ltaliae.

739 680 743 681 ⁷
763 690 799 726 G

216 748 383 795 Gaballi,
411 749 574 799 populus
594 750 755 786 Galliae.
791 749 825 786 le
835 764 933 800 pays
951 751 996 787 de
1016 751 1226 788 Givaudan.

216 809 412 855 Gaditani,
436 809 596 860 populus
616 809 839 859 Hispaniae.
876 823 963 846 cem:
981 811 1026 847 de
1048 811 1171 848 Cadis.

217 870 331 907 Galli.

218 930 503 982 Gallograecia,
522 931 629 980 regio
650 931 767 968 Asiae
788 931 965 968 Minoris,
1014 931 1177 969 Galatia.

217 991 385 1037 Garites,
405 992 569 1042 populus
589 991 750 1028 Galliac.
785 992 819 1028 le
828 1006 926 1042 pays
945 991 990 1029 de
1009 992 1146 1038 Gavre,
1178 993 1256 1030 sive
1277 994 1352 1031 Ga-

316 1052 472 1089 vardan.
508 1052 556 1090 al.
579 1052 777 1103 Agennois-

215 1113 410 1159 Garoceli,
439 1113 514 1151 sive
546 1112 751 1158 Graioceli,
787 1114 950 1163 populus
979 1113 1139 1151 Galliae.
1187 1128 1275 1152 cem
1307 1115 1352 1152 de

317 1174 429 1211 Mont
463 1173 583 1211 Cenis.
613 1173 661 1211 al.
691 1173 735 1210 de
762 1173 798 1209 la
831 1172 957 1210 valde
987 1174 1197 1212 [Worz'emze.
1227 1175 1274 1212 al.
1303 1175 1353 1212 ἄιε

318 1235 431 1272 Mont
459 1236 637 1272 Genevre.

213 1295 425 1340 Garumna,
445 1294 582 1330 fluvius
603 1293 764 1331 Galliae.
800 1294 836 1330 la
859 1295 1044 1332 Garonne.

216 1355 419 1400 Garumni,
439 1355 603 1405 populus
623 1354 773 1391 Galliae
795 1356 897 1392 circa
916 1355 1165 1393 Garumnam.

214 1416 416 1453 Gebenna.
463 1416 690 1466 BIonlagnes
710 1416 754 1452 de
776 1416 970 1453 Cevennes„

216 1477 436 1522 Genabum,
465 1476 647 1527 oppidum
668 1476 829 1514 Galliae.
883 1475 1049 1514 Orleans.

215 1538 386 1575 Geneva.
978 1529 981 1531 ”

214 1598 410 1645 Genusus,
428 1598 565 1635 fluvius
585 1598 853 1635 Macedoniae.

214 1659 421 1709 Gergovia,
444 1659 624 1697 Boiorum
645 1666 683 1695 et
704 1659 979 1704 Arvernorum,
1008 1659 1089 1695 urb.
1109 1658 1272 1696 Galliae.
1294 1659 1349 1696 in·

316 1728 477 1758 certum.

214 1781 435 1819 Germania.

213 1843 360 1888 Getuli,
381 1842 544 1893 populus
566 1842 738 1879 Africae.

214 1903 398 1953 Gomphi,
419 1903 601 1954 oppidum
624 1902 856 1940 Thessaliae.
896 1903 1017 1952 Govfi.

213 1964 402 2009 Gorduni,
433 1965 597 2014 populus
629 1964 765 2014 Belgii.
812 1963 1082 2000 Gandavenses.
1114 1962 1162 2000 al.
1193 1975 1282 2000 ceux
1307 1963 1353 2000 de

320 2026 516 2076 Courtrags.
562 2025 762 2062 incertum.

213 2086 419 2123 Graioceli.
458 2086 538 2122 vide
559 2085 752 2122 Garoceli.

215 2146 366 2191 Grudii‚
397 2146 623 2183 Nerviorum
646 2145 818 2189 clientes,
846 2145 1010 2196 populus
1030 2144 1167 2195 Belgii.
1202 2156 1289 2182 ceux
1308 2144 1352 2180 dc

315 2206 473 2257 Bruges.
500 2205 548 2243 al.
567 2205 612 2242 de
630 2204 815 2243 Louvain.
