1472 2664
244 282 293 317 96
556 278 631 317 DE
667 277 846 316 BELLO
887 277 1053 317 CIVILI

245 381 338 418 roris
360 382 560 431 repentini,
588 383 646 418 vel
667 383 841 431 obj0ct21e
863 382 1066 431 i·eligioni.:‚
1095 394 1231 431 magna
1264 382 1378 420 detri-

244 451 372 478 menta
393 442 607 478 intulissent
625 457 633 484 ;
662 442 810 491 quoties
828 443 886 479 vel
908 442 1022 492 culpa
1039 442 1161 486 ducis,
1181 443 1238 479 vel
1259 444 1379 479 tribu-

242 503 280 538 ni
300 502 404 546 vitio,
436 502 470 538 in
493 502 668 538 exercitu
688 510 788 539 esset
807 502 989 539 offensum
1006 515 1014 537 ε
1043 502 1108 538 sed
1128 502 1302 552 proinde,
1331 516 1377 540 ac

241 563 271 600 si
291 563 430 599 virtute
448 563 639 608 vicissent,
655 576 779 613 neque
795 563 870 599 ulla
885 563 1133 600 commutatio
1147 575 1272 599 rerum
1292 577 1378 613 pos-

240 631 299 660 set
327 623 516 667 accidere,
537 636 604 672 per
623 624 753 659 orbem
774 630 959 659 terrarum
981 622 1081 660 fama
1099 636 1143 662 ac
1162 623 1281 661 literis
1304 624 1378 661 vic-

241 684 378 720 teriam
397 684 478 731 ejus
498 683 573 719 diei
596 684 926 721 concelebrabant.

293 744 479 780 LXXIII.
534 744 686 789 Caesar,
716 745 762 780 ab
783 744 1041 794 superioribus
1059 746 1225 782 consiliis
1245 746 1377 796 depul-

240 817 318 849 sus,
346 817 497 840 omnem
517 804 586 841 sibi
606 805 912 841 commutandam
933 805 1022 842 belli
1042 805 1228 842 rationem
1248 806 1379 842 existi-

239 865 367 901 mavit.
423 864 558 914 Itaque
585 878 661 901 uno
680 873 853 915 tempore
884 866 1080 915 praesidiis
1109 867 1283 903 omnibus
1309 868 1376 904 de-

239 926 379 969 ductis,
410 933 449 962 et
468 926 752 975 oppugnatione
772 926 937 971 dimissa,
965 934 1177 977 coactoque
1197 927 1234 963 in
1261 941 1377 964 unum

239 987 366 1024 locum
388 987 577 1031 exercitu,
600 986 825 1024 concionem
845 990 945 1037 apud
965 988 1102 1024 milites
1123 988 1272 1028 lial)uit;
1292 988 1379 1023 hor-

240 1055 417 1097 tatusque
433 1055 504 1090 est,
524 1060 571 1083 ne
587 1060 645 1092 ea,
666 1060 762 1097 quae
777 1048 1019 1093 accidissent,
1039 1049 1206 1098 graviter
1221 1049 1378 1093 ferrent,

240 1121 337 1145 neve
358 1109 415 1144 liis
436 1108 548 1144 rebus
567 1115 815 1150 terrerentur,
848 1109 1052 1159 multisque
1072 1109 1249 1146 secundis
1269 1122 1378 1159 proeu

238 1169 297 1206 liis
317 1183 433 1206 unuin
455 1169 668 1213 adversum,
689 1176 726 1205 et
747 1169 784 1205 id
803 1169 1010 1213 mediocre,
1029 1177 1290 1219 opponerent:
1312 1170 1377 1206 ha-

237 1231 403 1267 bendam
433 1229 610 1266 fortunae
642 1229 816 1278 gratiam,
846 1229 948 1279 quod
977 1229 1123 1266 Italiam
1144 1230 1224 1266 sine
1250 1230 1378 1279 aliquo

238 1290 395 1327 vulnere
416 1289 628 1339 cepissent3
657 1288 759 1338 quod
779 1288 872 1325 duas
900 1288 1118 1338 Hispanias,
1138 1289 1379 1326 bellicosissi—

240 1364 388 1388 morum
416 1349 614 1387 hominum
646 1349 880 1399 peritissimis
910 1358 1026 1400 atque
1056 1349 1380 1387 exercitatissimis

240 1411 415 1454 ducibus,
435 1411 690 1461 pacavissent;
719 1410 822 1460 quod
838 1410 1015 1448 finitimas
1033 1410 1377 1461 frumentariasque

236 1472 452 1522 provincias
472 1472 508 1508 in
529 1478 757 1524 potestatem
778 1471 1036 1521 redegissent:
1065 1471 1230 1521 denique
1250 1484 1378 1508 recor-

238 1533 319 1570 dari
339 1533 493 1577 debere,
514 1546 589 1583 qua
613 1531 797 1569 felicitate
816 1532 914 1569 inter
934 1533 1078 1570 medias
1096 1531 1260 1569 hostium
1282 1532 1378 1569 clas-

237 1607 310 1639 ses,
331 1593 494 1644 oppletis
512 1606 589 1630 non
609 1593 730 1630 solum
746 1593 932 1643 portibus,
951 1593 1019 1630 sed
1037 1593 1151 1630 etiam
1172 1593 1376 1638 littoribus,

238 1667 370 1691 omnes
403 1654 614 1691 incolumes
644 1661 771 1691 essent
800 1653 1067 1704 transportati:
1095 1653 1125 1691 si
1145 1667 1220 1690 non
1252 1654 1380 1691 omnia

237 1715 420 1753 caderent
439 1715 621 1761 secunda,
655 1714 846 1752 fortunam
866 1727 948 1752 esse
975 1714 1159 1752 industria
1178 1716 1377 1753 sublevan-

238 1777 349 1813 dam:
382 1776 485 1826 quod
505 1782 605 1813 esset
624 1782 826 1825 acceptum
855 1775 1087 1819 detrimenti,
1120 1777 1202 1825 ejus
1217 1777 1293 1825 juri
1311 1790 1379 1827 po-

241 1837 330 1882 tius,
360 1849 472 1887 quam
492 1849 583 1873 suae
603 1836 750 1886 culpae,
785 1836 924 1872 debere
943 1835 1079 1872 tribui:
1108 1835 1233 1873 locum
1254 1849 1295 1874 se
1315 1850 1378 1874 ae-

239 1911 356 1948 quum
378 1897 426 1934 ad
446 1897 702 1935 dimicandum
722 1897 895 1939 dedisse;
923 1897 1086 1947 potitum
1106 1909 1190 1934 esse
1210 1897 1377 1936 hostium

239 1959 392 2001 castris3
416 1958 608 2007 expulisse
628 1971 673 1995 ae
693 1959 891 2007 super-[isse
906 1966 1134 2007 pugnantes.
1191 1958 1280 2004 Sed,
1301 1959 1378 1996 sive

235 2019 403 2068 ipsorum
424 2019 676 2068 perturbatio,
696 2018 774 2055 sive
790 2031 894 2054 error
909 2018 1056 2067 aliquis,
1077 2018 1154 2055 sive
1171 2019 1282 2056 etiam
1298 2019 1378 2056 for-

235 2084 329 2114 tuna
349 2085 493 2127 partam
511 2079 589 2125 jam
610 2085 929 2127 praesentemque
945 2077 1140 2114 victoriam
1158 2078 1376 2128 interpella—

237 2137 366 2182 visset‚
389 2137 552 2174 dandam
570 2138 744 2175 omnibus
764 2150 932 2187 operam,
952 2144 993 2174 ut
1012 2146 1213 2188 acceptum
1234 2139 1377 2175 incom-

233 2197 387 2234 modum
409 2197 548 2234 virtute
569 2198 796 2234 sarciretur:
826 2198 928 2247 quod
947 2198 977 2234 si
997 2206 1099 2234 esset
1124 2197 1280 2244 Factum,
1308 2199 1375 2236 de-

238 2257 458 2295 trimentum
481 2257 516 2293 in
538 2259 677 2294 'nonum
698 2265 878 2303 verteret,
912 2258 966 2295 uti
985 2258 1033 2295 ad
1063 2258 1293 2308 Gergoviam
1314 2273 1378 2297 ac-

233 2318 400 2362 cidisset,
424 2326 544 2367 atque
566 2319 603 2363 ii,
625 2319 689 2368 qui
709 2326 796 2356 ante
817 2318 1000 2356 dimicare
1020 2318 1247 2365 timuissent,
1276 2321 1376 2358 ultro

234 2391 273 2415 se
294 2379 440 2429 proelIO
460 2379 651 2416 offerrent.
