1472 2664
218 280 266 316 68
524 278 598 314 DE
641 278 819 315 BELLO
861 279 1029 316 CIVILI

222 379 351 426 cessit,
370 388 426 426 ut,
446 381 636 431 equitibus
655 395 723 432 per
743 395 845 419 oram
873 383 1099 420 maritimam
1120 383 1166 419 ab
1189 383 1361 420 Antonio

221 439 426 490 dispositis,
456 443 587 491 aquari
607 443 914 493 prohiberentur.
970 445 1055 485 Qua
1074 444 1302 481 necessitate
1322 451 1363 481 et

220 500 428 549 ignominia
454 509 663 552 permotuS,
693 503 791 541 Libo
810 504 983 541 discessit
1001 518 1023 542 a
1044 505 1260 550 Brundisio,
1290 505 1358 541 ob-

223 562 507 613 sessionemque
527 571 741 601 nostrorum
763 565 901 602 omisit.

272 622 397 659 XXV.
453 623 568 660 Multi
601 627 678 674 jam
710 637 860 661 menses
897 625 1138 670 transierant,
1171 630 1210 660 et
1239 623 1360 660 hiems

227 683 350 731 [jam]
375 683 706 733 praecipitaverat,
739 696 864 734 neque
886 684 1090 721 Brundisio
1110 697 1223 721 naves
1242 684 1364 733 legio·

222 755 366 792 nesque
386 744 433 780 ad
454 745 656 793 Caesarem
677 745 898 787 veniebant,
918 757 963 782 ac
984 745 1189 782 nonnullae
1209 746 1290 794 ejus
1309 744 1365 781 rei

222 804 510 852 praetermissae
541 805 761 843 occasiones
796 805 948 843 Caesari
982 805 1223 849 videbantur,
1262 804 1365 854 quod

222 871 328 900 certe
357 877 470 915 saepe
501 865 686 903 flaverant
712 866 829 911 venti,
860 866 996 916 quibus
1022 866 1236 903 necessario
1264 878 1368 902 corn-

221 924 452 962 mittendum
473 926 727 963 existimabat.
757 934 976 977 quantoque.
996 928 1077 976 ejus
1097 926 1256 976 amplius
1276 939 1364 976 pro-

224 994 392 1023 cesserat
411 987 606 1037 temporis‚
628 994 734 1024 tanto
750 994 859 1024 erant
874 987 1077 1024 alacriores
1094 987 1141 1024 ad
1161 986 1368 1032 custodias,

226 1046 290 1095 qui
311 1047 494 1084 classibus
523 1055 741 1098 praeerant,
760 1050 1022 1098 majoremque
1040 1047 1218 1085 fiduciam
1241 1046 1369 1097 prohi-

225 1106 341 1143 bendi
357 1108 571 1151 habebant;
592 1115 630 1145 et
645 1108 788 1145 crebris
804 1108 974 1159 Pompeii
992 1109 1110 1146 literis
1130 1108 1369 1157 castigaban-

225 1173 302 1213 tur,
332 1169 509 1218 quoniam
530 1170 652 1219 primo
672 1170 888 1206 venientem
910 1171 1112 1207 Caesarem
1135 1182 1209 1205 non
1241 1169 1370 1219 prohi-

224 1227 411 1274 buissent,
443 1236 485 1265 ut
501 1229 667 1279 reliquos
688 1231 769 1279 ejus
790 1230 984 1266 exercitus
1015 1229 1269 1280 impedirent:
1299 1229 1368 1265 du-

224 1290 380 1340 riusque
401 1291 570 1341 quotidie
591 1299 754 1340 tempus,
786 1291 833 1327 ad
853 1291 1187 1341 t÷·ansp<)rtan(h1m
1209 1289 1364 1326 leniori-

225 1351 297 1387 bus
324 1352 460 1397 ventis‚
493 1353 784 1402 exspectabant.
838 1352 986 1394 Quibus
1015 1352 1127 1388 rebus
1160 1357 1370 1401 permotus,

227 1412 370 1450 Caesar
386 1413 630 1450 Brundisium
648 1414 696 1450 ad
709 1426 796 1450 suos
812 1413 978 1449 severius
994 1413 1157 1463 scripsit,
1174 1412 1274 1449 nacti
1292 1412 1371 1448 ido-

226 1486 340 1511 neum
363 1484 532 1520 ventum,
561 1487 608 1511 ne
629 1474 869 1511 occasionem
898 1474 1100 1523 navigandi
1120 1473 1372 1517 dimitterent,

228 1534 306 1571 sive
326 1535 373 1572 ad
393 1535 522 1572 littora
545 1535 848 1586 Apolloniatium
868 1548 1019 1571 cursum
1042 1534 1221 1583 dirigere,
1254 1541 1370 1583 atque

229 1609 277 1634 eo
297 1609 411 1633 naves
427 1597 582 1646 ejicere,
602 1602 770 1647 possent.
827 1596 937 1633 Haec
956 1608 977 1631 a
997 1595 1178 1632 custodiis
1195 1595 1371 1632 classium

228 1656 316 1694 loca
330 1657 496 1695 maxime
515 1658 715 1703 vacabant,
736 1657 837 1707 quod
853 1670 893 1694 se
912 1656 1061 1706 longius
1081 1657 1254 1706 portibus
1269 1668 1372 1693 eom·

231 1716 384 1754 mittere
404 1730 480 1754 non
501 1717 700 1754 auderent.

285 1777 430 1813 XXVI.
484 1778 559 1823 Illi,
590 1778 761 1815 adhibita
781 1779 940 1816 audacia
961 1786 998 1815 et
1019 1778 1174 1823 virtute,
1194 1777 1373 1815 adminis-

229 1839 419 1876 trantibus
441 1839 497 1875 M.
520 1839 692 1876 Antonio
711 1847 749 1876 et
778 1839 884 1876 Fufio
906 1839 1068 1884 Kalleno,
1100 1839 1262 1875 multum
1284 1838 1373 1889 ipsis

229 1899 413 1936 militibus
434 1899 686 1944 hortantibus,
708 1912 834 1949 neque
854 1899 970 1936 ullum
992 1899 1202 1949 periculum
1224 1911 1292 1949 pro
1316 1911 1376 1935 sa-

229 1961 312 1997 lute
333 1960 506 1997 Caesaris
525 1961 805 2004 recusantibus,
826 1960 928 1996 nacti
950 1961 1147 2005 Austrum,
1167 1972 1282 1997 naves
1303 1959 1376 1996 sol-

231 2029 323 2059 vunt
341 2037 349 2064 3
376 2029 492 2072 atque
511 2022 631 2059 altera
650 2021 712 2058 die
733 2021 976 2071 Apolloniam
1009 2021 1372 2071 Dyrrhachiumque

230 2083 590 2134 praetervehuntur.
637 2082 711 2123 Qui
732 2095 848 2132 quum
870 2088 998 2118 essent
1018 2093 1066 2117 ex
1089 2081 1300 2118 continenti
1323 2081 1376 2117 vi-

231 2144 276 2189 si,
298 2144 342 2181 C.
363 2143 572 2193 Coponius,
601 2142 665 2192 qui
687 2141 919 2193 Dyrrhachii
942 2142 1050 2178 classi
1074 2141 1247 2178 Rhodiae
1268 2154 1378 2191 prae·

233 2211 328 2250 erat,
348 2217 463 2241 naves
483 2217 529 2240 ex
552 2210 666 2253 portu
687 2202 830 2246 educit,
851 2209 901 2247 et,
932 2215 1046 2251 quum
1063 2203 1140 2250 jam
1163 2203 1301 2238 nostris
1319 2214 1376 2238 re-

232 2265 405 2304 missiore
424 2272 539 2302 vento
559 2263 942 2314 appropinquassent,
964 2263 1061 2299 idem
1086 2263 1229 2299 Auster
1255 2262 1377 2299 incre·

234 2327 331 2373 buit,
361 2325 576 2378 nostrisque
602 2324 792 2375 praesidio
825 2323 909 2360 suit.
967 2323 1104 2374 Neque
1130 2336 1220 2361 vero
1243 2323 1305 2360 ille
1328 2324 1375 2364 ob
