1472 2664
502 214 669 252 LIBER
721 213 775 252 11.
1139 215 1196 255 51

55 319 124 371 pit·
159 320 288 362 Quum
305 315 486 356 cohortes
500 330 551 355 ex
571 318 654 356 acie
673 316 967 369 procurrissent‚
988 314 1196 362 Numidae,

54 379 207 431 integri,
244 379 440 418 celeritate
472 379 655 430 impetum
688 385 903 416 nostrorum
935 376 1194 426 effugiebant3

52 453 255 492 rursusque
272 440 320 478 ad
334 440 486 478 ordines
505 452 594 477 suos
613 452 654 477 se
675 438 902 490 recipientes
922 437 1192 482 circumibant,

57 509 96 541 et
116 502 163 539 ab
189 502 273 539 acie
295 500 569 539 excludebant.
624 500 688 538 Sic
716 512 840 550 neque
869 499 906 535 in
925 497 1011 535 loco
1041 509 1197 535 manere

53 563 282 613 ordinesque
301 574 463 607 servare,
483 574 608 612 neque
627 572 855 612 procurrere
875 566 914 597 et
940 571 1069 596 casum
1089 558 1196 595 subi·

51 635 108 670 re,
136 631 260 660 tutum
289 622 501 661 videbatur.
555 622 736 663 Hostium
755 620 905 672 copiae,
933 619 1128 657 submissis
1147 619 1195 657 ab

48 695 141 734 rege
161 683 324 729 auxiliis,
354 683 490 721 crebro
513 683 766 733 augebantur.
824 682 984 719 Nostros
1003 681 1103 717 vires
1121 680 1194 717 ias·

47 743 214 782 situdine
232 743 483 782 deficiebant:
501 744 612 781 simul
632 744 670 789 ii,
690 743 755 794 qui
772 742 931 780 vulnera
946 748 1192 792 acceperant,

47 815 174 854 neque
193 805 274 842 acie
295 805 500 850 excedere,
535 817 661 855 neque
682 805 719 840 in
739 804 865 840 locum
885 810 1011 840 tutum
1038 801 1188 848 referri,

51 870 244 914 poterant,
264 865 366 914 quod
385 871 465 901 tota
484 864 585 901 acies
603 864 777 914 equitatu
797 863 962 901 hostium
981 861 1196 900 circumda-

49 929 91 960 ta
106 925 320 962 tenebatur.
375 924 442 970 Hi,
471 924 520 962 de
538 937 606 963 sua
624 924 746 962 salute
765 923 1026 973 desperantes,
1061 933 1101 962 ut
1120 936 1193 961 ex·

53 990 176 1021 tremo
195 984 296 1021 vitae
316 993 488 1035 tempore
509 985 680 1023 homines
699 984 826 1022 facere
846 985 1094 1028 consuerunt,
1124 990 1192 1021 aut

49 1054 157 1081 suam
176 1050 336 1082 mortem
368 1045 655 1090 miserabantur,
687 1052 754 1082 aut
774 1052 951 1094 parentes
980 1055 1069 1082 suos
1089 1056 1194 1080 com·

50 1105 298 1151 mendabant,
314 1106 344 1142 si
365 1118 459 1155 quos
472 1118 522 1142 ex
541 1118 587 1143 eo
604 1105 775 1155 periculo
789 1103 945 1142 fortuna
959 1116 1110 1141 servare
1124 1116 1193 1154 po-

46 1165 193 1204 tuisset.
248 1165 366 1203 Plena
383 1173 491 1203 erant
510 1166 637 1203 omnia
657 1165 802 1201 timoris
821 1171 860 1202 et
879 1164 1018 1201 luctus.

97 1228 223 1266 XLII.
277 1230 407 1274 Curio,
431 1229 508 1274 ubi,
527 1229 739 1279 perterritis
757 1228 948 1273 omnibus,
979 1240 1104 1278 neque
1125 1240 1190 1265 co-

45 1289 285 1327 hortationes
303 1302 389 1327 suas
404 1302 529 1340 neque
550 1301 686 1339 preces
707 1289 830 1326 audiri
850 1289 1043 1339 intelligit,
1064 1301 1192 1335 unam,

47 1356 92 1386 ut
110 1349 256 1386 miseris
286 1349 324 1386 in
345 1350 473 1395 rebus,
500 1363 607 1400 spem
627 1349 810 1400 reliquam
830 1351 961 1386 salutis
989 1362 1072 1387 esse
1092 1350 1193 1391 arbi-

49 1415 185 1455 tratus,
225 1411 422 1460 proximos
457 1411 574 1448 colles
604 1422 743 1461 capere
773 1410 983 1456 universos,
1011 1418 1126 1461 atque
1145 1423 1192 1448 eo

43 1468 154 1520 signa
174 1470 318 1515 inferri,
332 1471 456 1520 jubet·
509 1470 595 1508 Hos
610 1483 766 1522 quoque
780 1479 1041 1521 praeoccupat
1056 1471 1192 1509 missus

43 1542 67 1568 a
90 1530 237 1567 Sabura
255 1531 460 1580 equitatus.
516 1531 612 1569 Tum
635 1544 725 1569 vero
743 1531 792 1569 ad
811 1544 995 1569 summam
1011 1532 1190 1583 despera-

44 1589 189 1628 tionem
212 1591 330 1628 nostri
350 1591 591 1641 perveniunt‚
619 1599 659 1629 et
677 1591 814 1642 partim
845 1591 1039 1641 fugientes
1071 1586 1119 1630 ab
1152 1605 1191 1629 e-

46 1652 196 1704 quitatu
232 1651 527 1697 interficiuntur,
570 1652 708 1703 partim
745 1652 884 1702 integri
920 1653 1189 1702 procumbunt.

44 1711 234 1750 Hortatur
256 1712 463 1750 Curionem
495 1713 568 1750 Cn.
602 1713 807 1759 Domitius,
836 1713 1054 1763 praefectus
1085 1715 1190 1766 equi-

41 1779 140 1819 tum,
179 1785 268 1811 cum
300 1774 432 1824 paucis
462 1775 655 1825 equitibus
684 1775 984 1821 circumsistens,
1025 1783 1067 1813 ut
1096 1776 1189 1827 fuga

40 1834 205 1873 salutem
224 1842 345 1886 petat,
363 1843 479 1885 atque
500 1836 537 1872 in
558 1843 683 1873 castra
697 1835 932 1879 contendat;
961 1844 999 1872 et
1015 1849 1055 1873 se
1075 1838 1123 1874 ab
1143 1850 1189 1875 eo

43 1908 121 1935 non
148 1895 402 1933 discessurum
421 1896 639 1948 pollicetur.
694 1897 750 1933 At
770 1896 902 1941 Curio,
921 1909 1116 1948 nunquam
1131 1911 1188 1945 se,

42 1956 180 1994 amisso
210 1956 399 2002 exercitu,
427 1969 541 2007 quem
573 1969 596 1994 a
627 1957 794 1995 Caesare
823 1956 913 1994 fidei
945 1959 1189 1996 commissum

46 2017 256 2068 acceperit,
283 2029 324 2054 se
344 2017 382 2054 in
414 2019 498 2067 ejus
525 2026 775 2069 conspectum
808 2030 1064 2066 reversurum,
1099 2033 1189 2058 con-

42 2075 194 2120 firm-au
221 2084 337 2128 atque
352 2077 406 2115 ita
420 2078 609 2128 proelians
624 2078 866 2116 interficitur.
922 2078 1083 2130 Equites
1101 2093 1189 2131 per-

44 2137 157 2189 pauci
176 2149 226 2175 ex
257 2138 404 2188 proelio
422 2151 462 2176 se
483 2139 688 2190 recipiunt.
715 2140 784 2178 sed
802 2141 842 2187 ii,
871 2153 966 2192 quos
985 2141 1034 2178 ad
1062 2141 1187 2179 novis-

41 2197 179 2237 simum
211 2210 365 2250 agmen,
405 2211 593 2252 equorum
621 2200 914 2241 reficiendorum
935 2214 1082 2249 caussa,
1100 2202 1188 2239 sub-
