<?xml version="1.0" encoding="UTF-8"?>
<!DOCTYPE html PUBLIC "-//W3C//DTD XHTML 1.0 Transitional//EN"
    "http://www.w3.org/TR/xhtml1/DTD/xhtml1-transitional.dtd">
<html xmlns="http://www.w3.org/1999/xhtml" xml:lang="en" lang="en">
 <head>
  <title>
</title>
<meta http-equiv="Content-Type" content="text/html;charset=utf-8" />
  <meta name='ocr-system' content='tesseract 3.04.00' />
  <meta name='ocr-capabilities' content='ocr_page ocr_carea ocr_par ocr_line ocrx_word'/>
</head>
<body>
  <div class='ocr_page' id='page_1' title='image "./debellogallicoet02caesuoft_0217.png"; bbox 0 0 1472 2664; ppageno 0'>
   <div class='ocr_carea' id='block_1_1' title="bbox 277 291 1198 336">
    <p class='ocr_par' dir='ltr' id='par_1_1' title="bbox 277 291 1198 336">
     <span class='ocr_line' id='line_1_1' title="bbox 277 291 1198 336; baseline 0.003 -7"><span class='ocrx_word' id='word_1_1' title='bbox 277 292 353 330; x_wconf 93' lang='lat' dir='ltr'><strong>DE</strong></span> <span class='ocrx_word' id='word_1_2' title='bbox 380 291 558 332; x_wconf 89' lang='lat' dir='ltr'>BELLO</span> <span class='ocrx_word' id='word_1_3' title='bbox 587 292 763 333; x_wconf 85' lang='lat' dir='ltr'><strong>AFRIC.</strong></span> <span class='ocrx_word' id='word_1_4' title='bbox 791 292 967 330; x_wconf 86' lang='lat' dir='ltr'><strong>LIBER.</strong></span> <span class='ocrx_word' id='word_1_5' title='bbox 1125 295 1198 336; x_wconf 83' lang='lat'><strong>189</strong></span> 
     </span>
    </p>
   </div>
   <div class='ocr_carea' id='block_1_2' title="bbox 49 394 1201 2381">
    <p class='ocr_par' dir='ltr' id='par_1_2' title="bbox 54 394 1201 795">
     <span class='ocr_line' id='line_1_2' title="bbox 59 394 1198 446; baseline 0.002 -14"><span class='ocrx_word' id='word_1_6' title='bbox 59 394 232 445; x_wconf 74' lang='lat' dir='ltr'><strong>periculo</strong></span> <span class='ocrx_word' id='word_1_7' title='bbox 255 394 546 433; x_wconf 77' lang='lat' dir='ltr'><strong>defendebatur.</strong></span> <span class='ocrx_word' id='word_1_8' title='bbox 597 396 714 437; x_wconf 81' lang='lat' dir='ltr'><strong>Quod</strong></span> <span class='ocrx_word' id='word_1_9' title='bbox 733 396 798 433; x_wconf 84' lang='lat' dir='ltr'><strong>ubi</strong></span> <span class='ocrx_word' id='word_1_10' title='bbox 823 395 973 445; x_wconf 82' lang='lat' dir='ltr'><strong>saepius</strong></span> <span class='ocrx_word' id='word_1_11' title='bbox 992 395 1073 444; x_wconf 89' lang='lat' dir='ltr'><strong>ejus</strong></span> <span class='ocrx_word' id='word_1_12' title='bbox 1091 395 1198 446; x_wconf 80' lang='lat' dir='ltr'><strong>equi-</strong></span> 
     </span>
     <span class='ocr_line' id='line_1_3' title="bbox 61 455 1200 507; baseline 0.001 -14"><span class='ocrx_word' id='word_1_13' title='bbox 61 462 161 496; x_wconf 80' lang='lat' dir='ltr'><strong>tatus</strong></span> <span class='ocrx_word' id='word_1_14' title='bbox 191 455 320 493; x_wconf 87' lang='lat' dir='ltr'><strong>facere</strong></span> <span class='ocrx_word' id='word_1_15' title='bbox 346 468 424 494; x_wconf 84' lang='lat' dir='ltr'><strong>non</strong></span> <span class='ocrx_word' id='word_1_16' title='bbox 451 455 742 502; x_wconf 83' lang='lat' dir='ltr'><strong>intermittebat,</strong></span> <span class='ocrx_word' id='word_1_17' title='bbox 774 464 814 494; x_wconf 87' lang='lat' dir='ltr'><strong>et</strong></span> <span class='ocrx_word' id='word_1_18' title='bbox 841 469 957 507; x_wconf 85' lang='lat' dir='ltr'><strong>quum</strong></span> <span class='ocrx_word' id='word_1_19' title='bbox 984 455 1082 492; x_wconf 88' lang='lat' dir='ltr'><strong>forte</strong></span> <span class='ocrx_word' id='word_1_20' title='bbox 1110 464 1200 494; x_wconf 81' lang='lat' dir='ltr'><strong>ante</strong></span> 
     </span>
     <span class='ocr_line' id='line_1_4' title="bbox 59 516 1201 567; baseline 0.001 -15"><span class='ocrx_word' id='word_1_21' title='bbox 59 523 211 564; x_wconf 80' lang='lat' dir='ltr'><strong>portam</strong></span> <span class='ocrx_word' id='word_1_22' title='bbox 229 524 356 553; x_wconf 83' lang='lat' dir='ltr'><strong>turma</strong></span> <span class='ocrx_word' id='word_1_23' title='bbox 372 516 491 554; x_wconf 84' lang='lat' dir='ltr'><strong>densa</strong></span> <span class='ocrx_word' id='word_1_24' title='bbox 509 517 731 563; x_wconf 85' lang='lat' dir='ltr'><strong>adstitisset,</strong></span> <span class='ocrx_word' id='word_1_25' title='bbox 762 517 964 567; x_wconf 79' lang='lat' dir='ltr'><strong>scorpione</strong></span> <span class='ocrx_word' id='word_1_26' title='bbox 983 517 1201 553; x_wconf 77' lang='lat' dir='ltr'><strong>accuratius</strong></span> 
     </span>
     <span class='ocr_line' id='line_1_5' title="bbox 57 575 1200 628; baseline 0.002 -16"><span class='ocrx_word' id='word_1_27' title='bbox 57 575 187 620; x_wconf 86' lang='lat' dir='ltr'><strong>misso,</strong></span> <span class='ocrx_word' id='word_1_28' title='bbox 213 583 330 626; x_wconf 82' lang='lat' dir='ltr'><strong>atque</strong></span> <span class='ocrx_word' id='word_1_29' title='bbox 349 589 481 617; x_wconf 87' lang='lat' dir='ltr'><strong>eorum</strong></span> <span class='ocrx_word' id='word_1_30' title='bbox 509 577 717 616; x_wconf 87' lang='lat' dir='ltr'><strong>decurione</strong></span> <span class='ocrx_word' id='word_1_31' title='bbox 735 589 932 628; x_wconf 88' lang='lat' dir='ltr'><strong>percusso,</strong></span> <span class='ocrx_word' id='word_1_32' title='bbox 959 583 998 614; x_wconf 86' lang='lat' dir='ltr'><strong>et</strong></span> <span class='ocrx_word' id='word_1_33' title='bbox 1016 576 1065 614; x_wconf 89' lang='lat' dir='ltr'><strong>ad</strong></span> <span class='ocrx_word' id='word_1_34' title='bbox 1083 576 1200 614; x_wconf 84' lang='lat' dir='ltr'><strong>decu-</strong></span> 
     </span>
     <span class='ocr_line' id='line_1_6' title="bbox 54 637 1201 688; baseline 0 -15"><span class='ocrx_word' id='word_1_35' title='bbox 54 648 205 674; x_wconf 85' lang='lat' dir='ltr'><strong>manam</strong></span> <span class='ocrx_word' id='word_1_36' title='bbox 236 637 383 683; x_wconf 82' lang='lat' dir='ltr'><strong>defixo,</strong></span> <span class='ocrx_word' id='word_1_37' title='bbox 415 638 564 687; x_wconf 88' lang='lat' dir='ltr'><strong>reliqui,</strong></span> <span class='ocrx_word' id='word_1_38' title='bbox 594 638 800 688; x_wconf 84' lang='lat' dir='ltr'><strong>perterriti,</strong></span> <span class='ocrx_word' id='word_1_39' title='bbox 830 638 923 688; x_wconf 71' lang='lat' dir='ltr'><strong>Fuga</strong></span> <span class='ocrx_word' id='word_1_40' title='bbox 940 649 981 674; x_wconf 89' lang='lat' dir='ltr'><strong>se</strong></span> <span class='ocrx_word' id='word_1_41' title='bbox 1009 637 1047 675; x_wconf 87' lang='lat' dir='ltr'><strong>in</strong></span> <span class='ocrx_word' id='word_1_42' title='bbox 1075 644 1201 675; x_wconf 80' lang='lat' dir='ltr'><strong>castra</strong></span> 
     </span>
     <span class='ocr_line' id='line_1_7' title="bbox 55 695 1197 748; baseline -0.001 -15"><span class='ocrx_word' id='word_1_43' title='bbox 55 695 270 745; x_wconf 65' lang='lat' dir='ltr'><strong>recipiunt:</strong></span> <span class='ocrx_word' id='word_1_44' title='bbox 306 709 381 748; x_wconf 86' lang='lat' dir='ltr'><strong>quo</strong></span> <span class='ocrx_word' id='word_1_45' title='bbox 409 697 513 735; x_wconf 63' lang='lat' dir='ltr'><strong>lacto</strong></span> <span class='ocrx_word' id='word_1_46' title='bbox 540 705 674 747; x_wconf 85' lang='lat' dir='ltr'><strong>postea</strong></span> <span class='ocrx_word' id='word_1_47' title='bbox 691 705 782 737; x_wconf 81' lang='lat' dir='ltr'><strong>sunt</strong></span> <span class='ocrx_word' id='word_1_48' title='bbox 810 695 982 734; x_wconf 87' lang='lat' dir='ltr'><strong>deterriti</strong></span> <span class='ocrx_word' id='word_1_49' title='bbox 1014 695 1197 746; x_wconf 84' lang='lat' dir='ltr'><strong>oppidum</strong></span> 
     </span>
     <span class='ocr_line' id='line_1_8' title="bbox 55 764 218 795; baseline -0.006 -1"><span class='ocrx_word' id='word_1_50' title='bbox 55 764 218 795; x_wconf 66' lang='lat' dir='ltr'><strong>tentare.</strong></span> 
     </span>
    </p>

    <p class='ocr_par' dir='ltr' id='par_1_3' title="bbox 51 816 1201 1472">
     <span class='ocr_line' id='line_1_9' title="bbox 107 816 1201 869; baseline 0 -15"><span class='ocrx_word' id='word_1_51' title='bbox 107 816 234 854; x_wconf 85' lang='lat' dir='ltr'>XXX.</span> <span class='ocrx_word' id='word_1_52' title='bbox 289 817 418 869; x_wconf 89' lang='lat' dir='ltr'><strong>Scipio</strong></span> <span class='ocrx_word' id='word_1_53' title='bbox 450 819 601 856; x_wconf 86' lang='lat' dir='ltr'><strong>interim</strong></span> <span class='ocrx_word' id='word_1_54' title='bbox 626 819 708 856; x_wconf 81' lang='lat' dir='ltr'><strong>fere</strong></span> <span class='ocrx_word' id='word_1_55' title='bbox 736 818 907 869; x_wconf 80' lang='lat' dir='ltr'><strong>quotidie</strong></span> <span class='ocrx_word' id='word_1_56' title='bbox 932 831 1009 855; x_wconf 89' lang='lat' dir='ltr'><strong>non</strong></span> <span class='ocrx_word' id='word_1_57' title='bbox 1036 817 1150 866; x_wconf 82' lang='lat' dir='ltr'><strong>longe</strong></span> <span class='ocrx_word' id='word_1_58' title='bbox 1177 830 1201 854; x_wconf 91' lang='lat' dir='ltr'><strong>a</strong></span> 
     </span>
     <span class='ocr_line' id='line_1_10' title="bbox 55 877 1199 928; baseline -0.003 -12"><span class='ocrx_word' id='word_1_59' title='bbox 55 877 133 916; x_wconf 90' lang='lat' dir='ltr'><strong>suis</strong></span> <span class='ocrx_word' id='word_1_60' title='bbox 153 879 286 916; x_wconf 84' lang='lat' dir='ltr'><strong>eastris</strong></span> <span class='ocrx_word' id='word_1_61' title='bbox 304 879 477 928; x_wconf 82' lang='lat' dir='ltr'><strong>passibus</strong></span> <span class='ocrx_word' id='word_1_62' title='bbox 496 891 570 916; x_wconf 89' lang='lat' dir='ltr'><strong>ccc</strong></span> <span class='ocrx_word' id='word_1_63' title='bbox 600 879 788 917; x_wconf 82' lang='lat' dir='ltr'><strong>instruere</strong></span> <span class='ocrx_word' id='word_1_64' title='bbox 807 878 944 923; x_wconf 86' lang='lat' dir='ltr'><strong>aciem,</strong></span> <span class='ocrx_word' id='word_1_65' title='bbox 974 890 1034 922; x_wconf 88' lang='lat' dir='ltr'><strong>ac,</strong></span> <span class='ocrx_word' id='word_1_66' title='bbox 1054 879 1199 926; x_wconf 80' lang='lat' dir='ltr'><strong>majore</strong></span> 
     </span>
     <span class='ocr_line' id='line_1_11' title="bbox 55 938 1198 988; baseline -0.001 -13"><span class='ocrx_word' id='word_1_67' title='bbox 55 946 165 988; x_wconf 83' lang='lat' dir='ltr'><strong>parte</strong></span> <span class='ocrx_word' id='word_1_68' title='bbox 194 938 271 976; x_wconf 90' lang='lat' dir='ltr'><strong>diei</strong></span> <span class='ocrx_word' id='word_1_69' title='bbox 303 948 517 984; x_wconf 83' lang='lat' dir='ltr'><strong>consumta,</strong></span> <span class='ocrx_word' id='word_1_70' title='bbox 555 953 682 978; x_wconf 87' lang='lat' dir='ltr'><strong>rursus</strong></span> <span class='ocrx_word' id='word_1_71' title='bbox 715 952 755 976; x_wconf 90' lang='lat' dir='ltr'><strong>se</strong></span> <span class='ocrx_word' id='word_1_72' title='bbox 784 940 821 979; x_wconf 88' lang='lat' dir='ltr'><strong>in</strong></span> <span class='ocrx_word' id='word_1_73' title='bbox 855 946 982 979; x_wconf 80' lang='lat' dir='ltr'><strong>castra</strong></span> <span class='ocrx_word' id='word_1_74' title='bbox 1012 939 1198 988; x_wconf 80' lang='lat' dir='ltr'><strong>recipere.</strong></span> 
     </span>
     <span class='ocr_line' id='line_1_12' title="bbox 53 999 1198 1051; baseline -0.001 -14"><span class='ocrx_word' id='word_1_75' title='bbox 53 999 172 1041; x_wconf 81' lang='lat' dir='ltr'><strong>Quod</strong></span> <span class='ocrx_word' id='word_1_76' title='bbox 200 1013 318 1050; x_wconf 88' lang='lat' dir='ltr'><strong>quum</strong></span> <span class='ocrx_word' id='word_1_77' title='bbox 338 1001 489 1050; x_wconf 85' lang='lat' dir='ltr'><strong>saepius</strong></span> <span class='ocrx_word' id='word_1_78' title='bbox 508 1000 630 1045; x_wconf 84' lang='lat' dir='ltr'><strong>fieret,</strong></span> <span class='ocrx_word' id='word_1_79' title='bbox 658 1013 783 1051; x_wconf 91' lang='lat' dir='ltr'><strong>neque</strong></span> <span class='ocrx_word' id='word_1_80' title='bbox 802 1013 852 1038; x_wconf 80' lang='lat' dir='ltr'><strong>ex</strong></span> <span class='ocrx_word' id='word_1_81' title='bbox 871 999 1045 1037; x_wconf 84' lang='lat' dir='ltr'><strong>Caesaris</strong></span> <span class='ocrx_word' id='word_1_82' title='bbox 1065 1000 1198 1037; x_wconf 85' lang='lat' dir='ltr'><strong>castris</strong></span> 
     </span>
     <span class='ocr_line' id='line_1_13' title="bbox 54 1059 1200 1111; baseline -0.002 -13"><span class='ocrx_word' id='word_1_83' title='bbox 54 1060 255 1111; x_wconf 86' lang='lat' dir='ltr'><strong>quisquam</strong></span> <span class='ocrx_word' id='word_1_84' title='bbox 274 1060 460 1111; x_wconf 81' lang='lat' dir='ltr'><strong>prodiret,</strong></span> <span class='ocrx_word' id='word_1_85' title='bbox 479 1074 605 1111; x_wconf 86' lang='lat' dir='ltr'><strong>neque</strong></span> <span class='ocrx_word' id='word_1_86' title='bbox 624 1061 779 1111; x_wconf 83' lang='lat' dir='ltr'><strong>propius</strong></span> <span class='ocrx_word' id='word_1_87' title='bbox 795 1061 876 1109; x_wconf 86' lang='lat' dir='ltr'><strong>ejus</strong></span> <span class='ocrx_word' id='word_1_88' title='bbox 891 1060 1020 1110; x_wconf 86' lang='lat' dir='ltr'><strong>copias</strong></span> <span class='ocrx_word' id='word_1_89' title='bbox 1039 1059 1200 1097; x_wconf 85' lang='lat' dir='ltr'><strong>accede-</strong></span> 
     </span>
     <span class='ocr_line' id='line_1_14' title="bbox 52 1120 1198 1171; baseline 0 -14"><span class='ocrx_word' id='word_1_90' title='bbox 52 1129 136 1164; x_wconf 79' lang='lat' dir='ltr'><strong>ret3</strong></span> <span class='ocrx_word' id='word_1_91' title='bbox 168 1121 350 1171; x_wconf 85' lang='lat' dir='ltr'><strong>despecta</strong></span> <span class='ocrx_word' id='word_1_92' title='bbox 372 1121 557 1171; x_wconf 84' lang='lat' dir='ltr'><strong>patientia</strong></span> <span class='ocrx_word' id='word_1_93' title='bbox 582 1121 769 1166; x_wconf 75' lang='lat' dir='ltr'><strong>Caesaris,</strong></span> <span class='ocrx_word' id='word_1_94' title='bbox 801 1120 1071 1170; x_wconf 85' lang='lat' dir='ltr'><strong>exercitusque</strong></span> <span class='ocrx_word' id='word_1_95' title='bbox 1101 1121 1198 1170; x_wconf 88' lang='lat' dir='ltr'><strong>ejus,</strong></span> 
     </span>
     <span class='ocr_line' id='line_1_15' title="bbox 55 1180 1198 1232; baseline 0 -14"><span class='ocrx_word' id='word_1_96' title='bbox 55 1181 240 1221; x_wconf 81' lang='lat' dir='ltr'><strong>universis</strong></span> <span class='ocrx_word' id='word_1_97' title='bbox 266 1181 387 1231; x_wconf 87' lang='lat' dir='ltr'><strong>copiis</strong></span> <span class='ocrx_word' id='word_1_98' title='bbox 405 1181 615 1232; x_wconf 85' lang='lat' dir='ltr'><strong>productis,</strong></span> <span class='ocrx_word' id='word_1_99' title='bbox 640 1181 932 1231; x_wconf 85' lang='lat' dir='ltr'><strong>elephantisque</strong></span> <span class='ocrx_word' id='word_1_100' title='bbox 951 1180 1096 1217; x_wconf 88' lang='lat' dir='ltr'><strong>turritis</strong></span> <span class='ocrx_word' id='word_1_101' title='bbox 1116 1193 1198 1218; x_wconf 82' lang='lat' dir='ltr'><strong>xxx</strong></span> 
     </span>
     <span class='ocr_line' id='line_1_16' title="bbox 54 1239 1199 1290; baseline -0.003 -11"><span class='ocrx_word' id='word_1_102' title='bbox 54 1248 144 1281; x_wconf 75' lang='lat' dir='ltr'><strong>ante</strong></span> <span class='ocrx_word' id='word_1_103' title='bbox 163 1240 285 1281; x_wconf 87' lang='lat' dir='ltr'><strong>aciem</strong></span> <span class='ocrx_word' id='word_1_104' title='bbox 306 1240 514 1286; x_wconf 88' lang='lat' dir='ltr'><strong>instructis,</strong></span> <span class='ocrx_word' id='word_1_105' title='bbox 541 1253 654 1290; x_wconf 85' lang='lat' dir='ltr'><strong>quam</strong></span> <span class='ocrx_word' id='word_1_106' title='bbox 674 1239 855 1278; x_wconf 82' lang='lat' dir='ltr'><strong>latissime</strong></span> <span class='ocrx_word' id='word_1_107' title='bbox 875 1239 1003 1289; x_wconf 89' lang='lat' dir='ltr'><strong>potuit</strong></span> <span class='ocrx_word' id='word_1_108' title='bbox 1021 1247 1199 1289; x_wconf 83' lang='lat' dir='ltr'><strong>porrecta</strong></span> 
     </span>
     <span class='ocr_line' id='line_1_17' title="bbox 52 1300 1198 1352; baseline -0.002 -13"><span class='ocrx_word' id='word_1_109' title='bbox 52 1301 226 1352; x_wconf 73' lang='lat' dir='ltr'><strong>equitum</strong></span> <span class='ocrx_word' id='word_1_110' title='bbox 259 1301 509 1352; x_wconf 86' lang='lat' dir='ltr'><strong>peditumque</strong></span> <span class='ocrx_word' id='word_1_111' title='bbox 530 1300 788 1345; x_wconf 86' lang='lat' dir='ltr'><strong>multitudine,</strong></span> <span class='ocrx_word' id='word_1_112' title='bbox 816 1312 893 1336; x_wconf 91' lang='lat' dir='ltr'><strong>uno</strong></span> <span class='ocrx_word' id='word_1_113' title='bbox 912 1307 1084 1349; x_wconf 87' lang='lat' dir='ltr'><strong>tempore</strong></span> <span class='ocrx_word' id='word_1_114' title='bbox 1105 1313 1198 1349; x_wconf 90' lang='lat' dir='ltr'><strong>pro-</strong></span> 
     </span>
     <span class='ocr_line' id='line_1_18' title="bbox 51 1359 1197 1412; baseline -0.002 -14"><span class='ocrx_word' id='word_1_115' title='bbox 51 1375 219 1412; x_wconf 83' lang='lat' dir='ltr'><strong>gressus,</strong></span> <span class='ocrx_word' id='word_1_116' title='bbox 246 1361 350 1403; x_wconf 82' lang='lat' dir='ltr'><strong>haud</strong></span> <span class='ocrx_word' id='word_1_117' title='bbox 369 1363 421 1399; x_wconf 88' lang='lat' dir='ltr'><strong>ita</strong></span> <span class='ocrx_word' id='word_1_118' title='bbox 439 1361 554 1411; x_wconf 83' lang='lat' dir='ltr'><strong>longe</strong></span> <span class='ocrx_word' id='word_1_119' title='bbox 572 1374 594 1398; x_wconf 90' lang='lat' dir='ltr'><strong>a</strong></span> <span class='ocrx_word' id='word_1_120' title='bbox 615 1360 788 1399; x_wconf 84' lang='lat' dir='ltr'><strong>Caesaris</strong></span> <span class='ocrx_word' id='word_1_121' title='bbox 807 1359 940 1398; x_wconf 83' lang='lat' dir='ltr'><strong>castris</strong></span> <span class='ocrx_word' id='word_1_122' title='bbox 967 1360 1139 1396; x_wconf 89' lang='lat' dir='ltr'><strong>constitit</strong></span> <span class='ocrx_word' id='word_1_123' title='bbox 1159 1360 1197 1397; x_wconf 88' lang='lat' dir='ltr'><strong>in</strong></span> 
     </span>
     <span class='ocr_line' id='line_1_19' title="bbox 52 1434 237 1472; baseline 0 -10"><span class='ocrx_word' id='word_1_124' title='bbox 52 1434 202 1472; x_wconf 79' lang='lat' dir='ltr'><strong>campo·</strong></span> <span class='ocrx_word' id='word_1_125' title='bbox 234 1444 237 1445; x_wconf 29' lang='grc' dir='ltr'><em>ν</em></span> 
     </span>
    </p>

    <p class='ocr_par' dir='ltr' id='par_1_4' title="bbox 49 1481 1200 2381">
     <span class='ocr_line' id='line_1_20' title="bbox 107 1481 1197 1532; baseline -0.002 -12"><span class='ocrx_word' id='word_1_126' title='bbox 107 1481 254 1522; x_wconf 84' lang='grc' dir='ltr'><strong>ΧΧΧΙ.</strong></span> <span class='ocrx_word' id='word_1_127' title='bbox 309 1482 457 1525; x_wconf 87' lang='lat' dir='ltr'><strong>Quibus</strong></span> <span class='ocrx_word' id='word_1_128' title='bbox 475 1483 590 1523; x_wconf 85' lang='lat' dir='ltr'><strong>rebus</strong></span> <span class='ocrx_word' id='word_1_129' title='bbox 609 1481 786 1532; x_wconf 83' lang='lat' dir='ltr'><strong>cognitis,</strong></span> <span class='ocrx_word' id='word_1_130' title='bbox 808 1481 948 1519; x_wconf 86' lang='lat' dir='ltr'><strong>Caesar</strong></span> <span class='ocrx_word' id='word_1_131' title='bbox 962 1481 1074 1530; x_wconf 90' lang='lat' dir='ltr'><strong>jubet</strong></span> <span class='ocrx_word' id='word_1_132' title='bbox 1100 1481 1197 1518; x_wconf 90' lang='lat' dir='ltr'><strong>mili-</strong></span> 
     </span>
     <span class='ocr_line' id='line_1_21' title="bbox 51 1542 1198 1594; baseline -0.002 -14"><span class='ocrx_word' id='word_1_133' title='bbox 51 1551 124 1589; x_wconf 85' lang='lat' dir='ltr'><strong>tes,</strong></span> <span class='ocrx_word' id='word_1_134' title='bbox 145 1543 210 1594; x_wconf 86' lang='lat' dir='ltr'><strong>qui</strong></span> <span class='ocrx_word' id='word_1_135' title='bbox 230 1550 343 1580; x_wconf 88' lang='lat' dir='ltr'><strong>extra</strong></span> <span class='ocrx_word' id='word_1_136' title='bbox 360 1543 592 1581; x_wconf 86' lang='lat' dir='ltr'><strong>munitiones</strong></span> <span class='ocrx_word' id='word_1_137' title='bbox 619 1550 899 1594; x_wconf 85' lang='lat' dir='ltr'><strong>processerant,</strong></span> <span class='ocrx_word' id='word_1_138' title='bbox 919 1542 1060 1592; x_wconf 88' lang='lat' dir='ltr'><strong>quique</strong></span> <span class='ocrx_word' id='word_1_139' title='bbox 1079 1543 1198 1591; x_wconf 87' lang='lat' dir='ltr'><strong>pabu-</strong></span> 
     </span>
     <span class='ocr_line' id='line_1_22' title="bbox 49 1602 1197 1653; baseline -0.002 -13"><span class='ocrx_word' id='word_1_140' title='bbox 49 1603 168 1649; x_wconf 73' lang='lat' dir='ltr'><strong>laudi,</strong></span> <span class='ocrx_word' id='word_1_141' title='bbox 187 1610 253 1645; x_wconf 86' lang='lat' dir='ltr'><strong>aut</strong></span> <span class='ocrx_word' id='word_1_142' title='bbox 271 1603 454 1653; x_wconf 85' lang='lat' dir='ltr'><strong>lignandi,</strong></span> <span class='ocrx_word' id='word_1_143' title='bbox 473 1611 539 1643; x_wconf 90' lang='lat' dir='ltr'><strong>aut</strong></span> <span class='ocrx_word' id='word_1_144' title='bbox 558 1603 674 1645; x_wconf 84' lang='lat' dir='ltr'><strong>etiam</strong></span> <span class='ocrx_word' id='word_1_145' title='bbox 693 1602 904 1648; x_wconf 88' lang='lat' dir='ltr'><strong>muniendi,</strong></span> <span class='ocrx_word' id='word_1_146' title='bbox 923 1602 1047 1652; x_wconf 85' lang='lat' dir='ltr'><strong>gratia</strong></span> <span class='ocrx_word' id='word_1_147' title='bbox 1060 1602 1197 1639; x_wconf 86' lang='lat' dir='ltr'><strong>vallem</strong></span> 
     </span>
     <span class='ocr_line' id='line_1_23' title="bbox 50 1663 1197 1714; baseline -0.003 -12"><span class='ocrx_word' id='word_1_148' title='bbox 50 1663 258 1714; x_wconf 84' lang='lat' dir='ltr'><strong>petierant,</strong></span> <span class='ocrx_word' id='word_1_149' title='bbox 291 1663 433 1714; x_wconf 87' lang='lat' dir='ltr'><strong>quique</strong></span> <span class='ocrx_word' id='word_1_150' title='bbox 452 1664 502 1701; x_wconf 85' lang='lat' dir='ltr'><strong>ad</strong></span> <span class='ocrx_word' id='word_1_151' title='bbox 520 1675 604 1702; x_wconf 86' lang='lat' dir='ltr'><strong>eam</strong></span> <span class='ocrx_word' id='word_1_152' title='bbox 623 1676 703 1700; x_wconf 83' lang='lat' dir='ltr'><strong>rem</strong></span> <span class='ocrx_word' id='word_1_153' title='bbox 722 1676 818 1714; x_wconf 86' lang='lat' dir='ltr'><strong>opus</strong></span> <span class='ocrx_word' id='word_1_154' title='bbox 837 1671 958 1708; x_wconf 84' lang='lat' dir='ltr'><strong>erant,</strong></span> <span class='ocrx_word' id='word_1_155' title='bbox 989 1676 1119 1700; x_wconf 84' lang='lat' dir='ltr'><strong>omnes</strong></span> <span class='ocrx_word' id='word_1_156' title='bbox 1140 1663 1197 1699; x_wconf 87' lang='lat' dir='ltr'><strong>in-</strong></span> 
     </span>
     <span class='ocr_line' id='line_1_24' title="bbox 50 1724 1199 1774; baseline -0.002 -12"><span class='ocrx_word' id='word_1_157' title='bbox 50 1733 110 1762; x_wconf 87' lang='lat' dir='ltr'><strong>tra</strong></span> <span class='ocrx_word' id='word_1_158' title='bbox 142 1724 374 1766; x_wconf 84' lang='lat' dir='ltr'><strong>munitiones</strong></span> <span class='ocrx_word' id='word_1_159' title='bbox 403 1725 618 1762; x_wconf 86' lang='lat' dir='ltr'><strong>minutatim</strong></span> <span class='ocrx_word' id='word_1_160' title='bbox 643 1725 891 1774; x_wconf 82' lang='lat' dir='ltr'><strong>modesteque</strong></span> <span class='ocrx_word' id='word_1_161' title='bbox 921 1724 1002 1761; x_wconf 84' lang='lat' dir='ltr'><strong>sine</strong></span> <span class='ocrx_word' id='word_1_162' title='bbox 1030 1724 1199 1761; x_wconf 84' lang='lat' dir='ltr'><strong>tumultu</strong></span> 
     </span>
     <span class='ocr_line' id='line_1_25' title="bbox 51 1785 1197 1836; baseline -0.001 -13"><span class='ocrx_word' id='word_1_163' title='bbox 51 1794 119 1827; x_wconf 85' lang='lat' dir='ltr'><strong>aut</strong></span> <span class='ocrx_word' id='word_1_164' title='bbox 145 1792 292 1827; x_wconf 85' lang='lat' dir='ltr'><strong>terrore</strong></span> <span class='ocrx_word' id='word_1_165' title='bbox 312 1798 352 1822; x_wconf 91' lang='lat' dir='ltr'><strong>se</strong></span> <span class='ocrx_word' id='word_1_166' title='bbox 372 1785 558 1835; x_wconf 85' lang='lat' dir='ltr'><strong>recipere,</strong></span> <span class='ocrx_word' id='word_1_167' title='bbox 577 1793 692 1836; x_wconf 87' lang='lat' dir='ltr'><strong>atque</strong></span> <span class='ocrx_word' id='word_1_168' title='bbox 708 1786 745 1822; x_wconf 87' lang='lat' dir='ltr'><strong>in</strong></span> <span class='ocrx_word' id='word_1_169' title='bbox 761 1798 877 1835; x_wconf 87' lang='lat' dir='ltr'><strong>opere</strong></span> <span class='ocrx_word' id='word_1_170' title='bbox 897 1785 1129 1822; x_wconf 80' lang='lat' dir='ltr'><strong>consistere:</strong></span> <span class='ocrx_word' id='word_1_171' title='bbox 1158 1798 1197 1822; x_wconf 91' lang='lat' dir='ltr'><strong>e-</strong></span> 
     </span>
     <span class='ocr_line' id='line_1_26' title="bbox 53 1845 1197 1896; baseline -0.002 -12"><span class='ocrx_word' id='word_1_172' title='bbox 53 1845 224 1896; x_wconf 89' lang='lat' dir='ltr'><strong>quitibus</strong></span> <span class='ocrx_word' id='word_1_173' title='bbox 242 1854 385 1891; x_wconf 83' lang='lat' dir='ltr'><strong>autem,</strong></span> <span class='ocrx_word' id='word_1_174' title='bbox 405 1846 469 1896; x_wconf 90' lang='lat' dir='ltr'><strong>qui</strong></span> <span class='ocrx_word' id='word_1_175' title='bbox 488 1846 527 1883; x_wconf 90' lang='lat' dir='ltr'><strong>in</strong></span> <span class='ocrx_word' id='word_1_176' title='bbox 546 1847 711 1884; x_wconf 87' lang='lat' dir='ltr'><strong>statione</strong></span> <span class='ocrx_word' id='word_1_177' title='bbox 729 1845 895 1891; x_wconf 82' lang='lat' dir='ltr'><strong>fuerant,</strong></span> <span class='ocrx_word' id='word_1_178' title='bbox 925 1845 1125 1895; x_wconf 82' lang='lat' dir='ltr'><strong>praecipit,</strong></span> <span class='ocrx_word' id='word_1_179' title='bbox 1154 1852 1197 1882; x_wconf 85' lang='lat' dir='ltr'><strong>u&#39;t</strong></span> 
     </span>
     <span class='ocr_line' id='line_1_27' title="bbox 53 1907 1198 1957; baseline -0.002 -12"><span class='ocrx_word' id='word_1_180' title='bbox 53 1919 175 1957; x_wconf 87' lang='lat' dir='ltr'><strong>usque</strong></span> <span class='ocrx_word' id='word_1_181' title='bbox 194 1919 241 1946; x_wconf 88' lang='lat' dir='ltr'><strong>eo</strong></span> <span class='ocrx_word' id='word_1_182' title='bbox 260 1907 387 1948; x_wconf 90' lang='lat' dir='ltr'><strong>locum</strong></span> <span class='ocrx_word' id='word_1_183' title='bbox 417 1907 649 1952; x_wconf 85' lang='lat' dir='ltr'><strong>obtinerent,</strong></span> <span class='ocrx_word' id='word_1_184' title='bbox 683 1907 722 1943; x_wconf 90' lang='lat' dir='ltr'><strong>in</strong></span> <span class='ocrx_word' id='word_1_185' title='bbox 747 1920 822 1957; x_wconf 91' lang='lat' dir='ltr'><strong>quo</strong></span> <span class='ocrx_word' id='word_1_186' title='bbox 841 1907 969 1957; x_wconf 85' lang='lat' dir='ltr'><strong>paullo</strong></span> <span class='ocrx_word' id='word_1_187' title='bbox 997 1914 1086 1945; x_wconf 83' lang='lat' dir='ltr'><strong>ante</strong></span> <span class='ocrx_word' id='word_1_188' title='bbox 1106 1919 1198 1943; x_wconf 87' lang='lat' dir='ltr'><strong>con-</strong></span> 
     </span>
     <span class='ocr_line' id='line_1_28' title="bbox 52 1966 1194 2016; baseline -0.003 -11"><span class='ocrx_word' id='word_1_189' title='bbox 52 1967 254 2012; x_wconf 77' lang='lat' dir='ltr'><strong>stitissent,</strong></span> <span class='ocrx_word' id='word_1_190' title='bbox 273 1967 396 2005; x_wconf 85' lang='lat' dir='ltr'><strong>donec</strong></span> <span class='ocrx_word' id='word_1_191' title='bbox 415 1967 462 2004; x_wconf 88' lang='lat' dir='ltr'><strong>ab</strong></span> <span class='ocrx_word' id='word_1_192' title='bbox 482 1967 592 2004; x_wconf 86' lang='lat' dir='ltr'><strong>hoste</strong></span> <span class='ocrx_word' id='word_1_193' title='bbox 611 1967 766 2004; x_wconf 86' lang='lat' dir='ltr'><strong>missum</strong></span> <span class='ocrx_word' id='word_1_194' title='bbox 786 1966 904 2003; x_wconf 90' lang='lat' dir='ltr'><strong>telum</strong></span> <span class='ocrx_word' id='word_1_195' title='bbox 924 1966 973 2003; x_wconf 85' lang='lat' dir='ltr'><strong>ad</strong></span> <span class='ocrx_word' id='word_1_196' title='bbox 992 1979 1032 2003; x_wconf 89' lang='lat' dir='ltr'><strong>se</strong></span> <span class='ocrx_word' id='word_1_197' title='bbox 1059 1979 1194 2016; x_wconf 88' lang='lat' dir='ltr'><strong>perve-</strong></span> 
     </span>
     <span class='ocr_line' id='line_1_29' title="bbox 54 2026 1195 2077; baseline -0.002 -13"><span class='ocrx_word' id='word_1_198' title='bbox 54 2027 178 2064; x_wconf 88' lang='lat' dir='ltr'><strong>niret:</strong></span> <span class='ocrx_word' id='word_1_199' title='bbox 210 2026 314 2076; x_wconf 91' lang='lat' dir='ltr'><strong>quod</strong></span> <span class='ocrx_word' id='word_1_200' title='bbox 332 2026 362 2063; x_wconf 89' lang='lat' dir='ltr'><strong>si</strong></span> <span class='ocrx_word' id='word_1_201' title='bbox 381 2026 536 2077; x_wconf 88' lang='lat' dir='ltr'><strong>propius</strong></span> <span class='ocrx_word' id='word_1_202' title='bbox 555 2027 818 2071; x_wconf 84' lang='lat' dir='ltr'><strong>accederetur,</strong></span> <span class='ocrx_word' id='word_1_203' title='bbox 840 2039 952 2076; x_wconf 87' lang='lat' dir='ltr'><strong>quam</strong></span> <span class='ocrx_word' id='word_1_204' title='bbox 972 2026 1195 2064; x_wconf 85' lang='lat' dir='ltr'><strong>honestissi-</strong></span> 
     </span>
     <span class='ocr_line' id='line_1_30' title="bbox 53 2086 1200 2137; baseline -0.001 -13"><span class='ocrx_word' id='word_1_205' title='bbox 53 2099 116 2124; x_wconf 90' lang='lat' dir='ltr'><strong>me</strong></span> <span class='ocrx_word' id='word_1_206' title='bbox 134 2099 176 2124; x_wconf 89' lang='lat' dir='ltr'><strong>se</strong></span> <span class='ocrx_word' id='word_1_207' title='bbox 192 2086 294 2125; x_wconf 86' lang='lat' dir='ltr'><strong>intra</strong></span> <span class='ocrx_word' id='word_1_208' title='bbox 310 2086 541 2123; x_wconf 89' lang='lat' dir='ltr'><strong>munitiones</strong></span> <span class='ocrx_word' id='word_1_209' title='bbox 560 2086 788 2136; x_wconf 85' lang='lat' dir='ltr'><strong>reciperent.</strong></span> <span class='ocrx_word' id='word_1_210' title='bbox 831 2086 909 2124; x_wconf 92' lang='lat' dir='ltr'><strong>Alii</strong></span> <span class='ocrx_word' id='word_1_211' title='bbox 924 2099 1077 2137; x_wconf 89' lang='lat' dir='ltr'><strong>quoque</strong></span> <span class='ocrx_word' id='word_1_212' title='bbox 1093 2087 1200 2137; x_wconf 88' lang='lat' dir='ltr'><strong>equi-</strong></span> 
     </span>
     <span class='ocr_line' id='line_1_31' title="bbox 53 2146 1197 2198; baseline -0.001 -14"><span class='ocrx_word' id='word_1_213' title='bbox 53 2146 152 2188; x_wconf 82' lang='lat' dir='ltr'><strong>tatui</strong></span> <span class='ocrx_word' id='word_1_214' title='bbox 171 2146 303 2192; x_wconf 85' lang='lat' dir='ltr'><strong>edicit,</strong></span> <span class='ocrx_word' id='word_1_215' title='bbox 333 2146 387 2182; x_wconf 84' lang='lat' dir='ltr'><strong>uti</strong></span> <span class='ocrx_word' id='word_1_216' title='bbox 406 2158 474 2183; x_wconf 86' lang='lat' dir='ltr'><strong>suo</strong></span> <span class='ocrx_word' id='word_1_217' title='bbox 495 2146 654 2197; x_wconf 85' lang='lat' dir='ltr'><strong>quisque</strong></span> <span class='ocrx_word' id='word_1_218' title='bbox 674 2147 760 2184; x_wconf 93' lang='lat' dir='ltr'><strong>loco</strong></span> <span class='ocrx_word' id='word_1_219' title='bbox 780 2155 934 2198; x_wconf 85' lang='lat' dir='ltr'><strong>paratus</strong></span> <span class='ocrx_word' id='word_1_220' title='bbox 952 2155 1197 2197; x_wconf 83' lang='lat' dir='ltr'><strong>armatusque</strong></span> 
     </span>
     <span class='ocr_line' id='line_1_32' title="bbox 57 2208 1197 2258; baseline 0 -14"><span class='ocrx_word' id='word_1_221' title='bbox 57 2214 212 2258; x_wconf 87' lang='lat' dir='ltr'><strong>praesto</strong></span> <span class='ocrx_word' id='word_1_222' title='bbox 231 2214 343 2245; x_wconf 89' lang='lat' dir='ltr'><strong>esset.</strong></span> <span class='ocrx_word' id='word_1_223' title='bbox 380 2208 436 2244; x_wconf 94' lang='lat' dir='ltr'><strong>At</strong></span> <span class='ocrx_word' id='word_1_224' title='bbox 456 2208 551 2245; x_wconf 91' lang='lat' dir='ltr'><strong>haec</strong></span> <span class='ocrx_word' id='word_1_225' title='bbox 566 2221 641 2244; x_wconf 90' lang='lat' dir='ltr'><strong>non</strong></span> <span class='ocrx_word' id='word_1_226' title='bbox 662 2208 743 2258; x_wconf 85' lang='lat' dir='ltr'><strong>ipse</strong></span> <span class='ocrx_word' id='word_1_227' title='bbox 762 2221 829 2258; x_wconf 90' lang='lat' dir='ltr'><strong>per</strong></span> <span class='ocrx_word' id='word_1_228' title='bbox 848 2221 888 2244; x_wconf 89' lang='lat' dir='ltr'><strong>se</strong></span> <span class='ocrx_word' id='word_1_229' title='bbox 908 2220 1050 2253; x_wconf 86' lang='lat' dir='ltr'><strong>coram,</strong></span> <span class='ocrx_word' id='word_1_230' title='bbox 1080 2220 1197 2257; x_wconf 90' lang='lat' dir='ltr'><strong>quum</strong></span> 
     </span>
     <span class='ocr_line' id='line_1_33' title="bbox 57 2267 1199 2319; baseline 0 -15"><span class='ocrx_word' id='word_1_231' title='bbox 57 2267 105 2309; x_wconf 80' lang='lat' dir='ltr'><strong>de</strong></span> <span class='ocrx_word' id='word_1_232' title='bbox 120 2268 218 2309; x_wconf 81' lang='lat' dir='ltr'><strong>vallo</strong></span> <span class='ocrx_word' id='word_1_233' title='bbox 237 2268 586 2318; x_wconf 73' lang='lat' dir='ltr'><strong>prospeculaoetur,</strong></span> <span class='ocrx_word' id='word_1_234' title='bbox 605 2268 686 2314; x_wconf 88' lang='lat' dir='ltr'><strong>sed,</strong></span> <span class='ocrx_word' id='word_1_235' title='bbox 705 2269 866 2306; x_wconf 87' lang='lat' dir='ltr'><strong>mirabili</strong></span> <span class='ocrx_word' id='word_1_236' title='bbox 880 2270 1024 2319; x_wconf 86' lang='lat' dir='ltr'><strong>peritus</strong></span> <span class='ocrx_word' id='word_1_237' title='bbox 1038 2268 1199 2305; x_wconf 85' lang='lat' dir='ltr'><strong>scientia</strong></span> 
     </span>
     <span class='ocr_line' id='line_1_34' title="bbox 51 2327 1195 2381; baseline 0 -17"><span class='ocrx_word' id='word_1_238' title='bbox 51 2327 234 2375; x_wconf 84' lang='lat' dir='ltr'><strong>bellandi,</strong></span> <span class='ocrx_word' id='word_1_239' title='bbox 253 2329 291 2366; x_wconf 89' lang='lat' dir='ltr'><strong>in</strong></span> <span class='ocrx_word' id='word_1_240' title='bbox 305 2329 496 2380; x_wconf 86' lang='lat' dir='ltr'><strong>praetorio</strong></span> <span class='ocrx_word' id='word_1_241' title='bbox 514 2329 664 2376; x_wconf 86' lang='lat' dir='ltr'><strong>sedens,</strong></span> <span class='ocrx_word' id='word_1_242' title='bbox 683 2341 752 2381; x_wconf 86' lang='lat' dir='ltr'><strong>per</strong></span> <span class='ocrx_word' id='word_1_243' title='bbox 767 2329 1026 2380; x_wconf 80' lang='lat' dir='ltr'><strong>speculatores</strong></span> <span class='ocrx_word' id='word_1_244' title='bbox 1045 2335 1084 2366; x_wconf 89' lang='lat' dir='ltr'><strong>ct</strong></span> <span class='ocrx_word' id='word_1_245' title='bbox 1098 2340 1195 2365; x_wconf 88' lang='lat' dir='ltr'><strong>nun-</strong></span> 
     </span>
    </p>
   </div>
  </div>
 </body>
</html>
