<?xml version="1.0" encoding="UTF-8"?>
<!DOCTYPE html PUBLIC "-//W3C//DTD XHTML 1.0 Transitional//EN"
    "http://www.w3.org/TR/xhtml1/DTD/xhtml1-transitional.dtd">
<html xmlns="http://www.w3.org/1999/xhtml" xml:lang="en" lang="en">
 <head>
  <title>
</title>
<meta http-equiv="Content-Type" content="text/html;charset=utf-8" />
  <meta name='ocr-system' content='tesseract 3.04.00' />
  <meta name='ocr-capabilities' content='ocr_page ocr_carea ocr_par ocr_line ocrx_word'/>
</head>
<body>
  <div class='ocr_page' id='page_1' title='image "./debellogallicoet02caesuoft_0147.png"; bbox 0 0 1472 2664; ppageno 0'>
   <div class='ocr_carea' id='block_1_1' title="bbox 96 486 1165 669">
    <p class='ocr_par' dir='ltr' id='par_1_1' title="bbox 96 486 1165 669">
     <span class='ocr_line' id='line_1_1' title="bbox 493 486 764 525; baseline 0 -1"><span class='ocrx_word' id='word_1_1' title='bbox 493 486 764 525; x_wconf 87' lang='lat' dir='ltr'>A.H1RT11</span> 
     </span>
     <span class='ocr_line' id='line_1_2' title="bbox 96 612 1165 669; baseline 0.003 -4"><span class='ocrx_word' id='word_1_2' title='bbox 96 612 1165 669; x_wconf 87' lang='lat' dir='ltr'><strong>COMMENTARIORUM</strong></span> 
     </span>
    </p>
   </div>
   <div class='ocr_carea' id='block_1_2' title="bbox 218 768 1053 812">
    <p class='ocr_par' dir='ltr' id='par_1_2' title="bbox 218 768 1053 812">
     <span class='ocr_line' id='line_1_3' title="bbox 218 768 1053 812; baseline 0.005 -4"><span class='ocrx_word' id='word_1_3' title='bbox 218 769 307 808; x_wconf 90' lang='lat' dir='ltr'>DE</span> <span class='ocrx_word' id='word_1_4' title='bbox 352 768 551 809; x_wconf 91' lang='lat' dir='ltr'><em>BELLO</em></span> <span class='ocrx_word' id='word_1_5' title='bbox 594 769 1053 812; x_wconf 84' lang='lat' dir='ltr'><em>ALEXANDRINO</em></span> 
     </span>
    </p>
   </div>
   <div class='ocr_carea' id='block_1_3' title="bbox 500 908 752 920">
    <p class='ocr_par' dir='ltr' id='par_1_3' title="bbox 500 908 752 920">
     <span class='ocr_line' id='line_1_4' title="bbox 500 908 752 920; baseline 0 0"><span class='ocrx_word' id='word_1_6' title='bbox 500 908 752 920; x_wconf 95' lang='lat' dir='ltr'> </span> 
     </span>
    </p>
   </div>
   <div class='ocr_carea' id='block_1_4' title="bbox 503 922 752 929">
    <p class='ocr_par' dir='ltr' id='par_1_4' title="bbox 503 922 752 929">
     <span class='ocr_line' id='line_1_5' title="bbox 503 922 752 929; baseline 0 1735"><span class='ocrx_word' id='word_1_7' title='bbox 503 922 752 929; x_wconf 95' lang='lat' dir='ltr'> </span> 
     </span>
    </p>
   </div>
   <div class='ocr_carea' id='block_1_5' title="bbox 440 997 812 1037">
    <p class='ocr_par' dir='ltr' id='par_1_5' title="bbox 440 997 812 1037">
     <span class='ocr_line' id='line_1_6' title="bbox 440 997 812 1037; baseline -0.003 -2"><span class='ocrx_word' id='word_1_8' title='bbox 440 997 605 1035; x_wconf 84' lang='lat' dir='ltr'>LIBER</span> <span class='ocrx_word' id='word_1_9' title='bbox 652 999 812 1037; x_wconf 89' lang='lat' dir='ltr'>UNUS.</span> 
     </span>
    </p>
   </div>
   <div class='ocr_carea' id='block_1_6' title="bbox 60 1115 1205 1892">
    <p class='ocr_par' dir='ltr' id='par_1_6' title="bbox 60 1115 1205 1892">
     <span class='ocr_line' id='line_1_7' title="bbox 110 1115 1199 1163; baseline 0.002 -10"><span class='ocrx_word' id='word_1_10' title='bbox 110 1116 142 1153; x_wconf 91' lang='grc' dir='ltr'>Ι.</span> <span class='ocrx_word' id='word_1_11' title='bbox 195 1115 373 1153; x_wconf 92' lang='lat' dir='ltr'>BELLO</span> <span class='ocrx_word' id='word_1_12' title='bbox 401 1116 666 1154; x_wconf 89' lang='lat' dir='ltr'>Alexandrino</span> <span class='ocrx_word' id='word_1_13' title='bbox 685 1116 867 1163; x_wconf 86' lang='lat' dir='ltr'>conflato,</span> <span class='ocrx_word' id='word_1_14' title='bbox 898 1117 1040 1155; x_wconf 84' lang='lat' dir='ltr'>Caesar</span> <span class='ocrx_word' id='word_1_15' title='bbox 1061 1117 1199 1156; x_wconf 89' lang='lat' dir='ltr'>Rhodo</span> 
     </span>
     <span class='ocr_line' id='line_1_8' title="bbox 60 1176 1199 1227; baseline 0.001 -13"><span class='ocrx_word' id='word_1_16' title='bbox 60 1184 175 1227; x_wconf 85' lang='lat' dir='ltr'>atque</span> <span class='ocrx_word' id='word_1_17' title='bbox 195 1189 245 1214; x_wconf 85' lang='lat' dir='ltr'>ex</span> <span class='ocrx_word' id='word_1_18' title='bbox 273 1176 382 1227; x_wconf 88' lang='lat' dir='ltr'>Syria</span> <span class='ocrx_word' id='word_1_19' title='bbox 408 1176 620 1227; x_wconf 87' lang='lat' dir='ltr'>Ciliciaque</span> <span class='ocrx_word' id='word_1_20' title='bbox 648 1189 799 1214; x_wconf 90' lang='lat' dir='ltr'>omnem</span> <span class='ocrx_word' id='word_1_21' title='bbox 830 1177 988 1214; x_wconf 85' lang='lat' dir='ltr'><strong>classem</strong></span> <span class='ocrx_word' id='word_1_22' title='bbox 1018 1178 1199 1222; x_wconf 78' lang='lat' dir='ltr'>arcessit3</span> 
     </span>
     <span class='ocr_line' id='line_1_9' title="bbox 61 1237 1199 1288; baseline -0.001 -12"><span class='ocrx_word' id='word_1_23' title='bbox 61 1238 177 1276; x_wconf 86' lang='lat' dir='ltr'>Creta</span> <span class='ocrx_word' id='word_1_24' title='bbox 195 1237 424 1288; x_wconf 87' lang='lat' dir='ltr'>sagittarios,</span> <span class='ocrx_word' id='word_1_25' title='bbox 448 1238 595 1288; x_wconf 86' lang='lat' dir='ltr'>equites</span> <span class='ocrx_word' id='word_1_26' title='bbox 614 1237 662 1274; x_wconf 89' lang='lat' dir='ltr'>ab</span> <span class='ocrx_word' id='word_1_27' title='bbox 681 1250 772 1288; x_wconf 89' lang='lat' dir='ltr'>rege</span> <span class='ocrx_word' id='word_1_28' title='bbox 793 1237 1077 1276; x_wconf 83' lang='lat' dir='ltr'>Nabataeorum</span> <span class='ocrx_word' id='word_1_29' title='bbox 1098 1238 1199 1275; x_wconf 92' lang='lat' dir='ltr'>Mal-</span> 
     </span>
     <span class='ocr_line' id='line_1_10' title="bbox 61 1298 1200 1349; baseline 0 -13"><span class='ocrx_word' id='word_1_30' title='bbox 61 1299 151 1345; x_wconf 89' lang='lat' dir='ltr'><strong>cho,</strong></span> <span class='ocrx_word' id='word_1_31' title='bbox 170 1305 330 1342; x_wconf 84' lang='lat' dir='ltr'>evocat3</span> <span class='ocrx_word' id='word_1_32' title='bbox 358 1305 549 1336; x_wconf 89' lang='lat' dir='ltr'>tormenta</span> <span class='ocrx_word' id='word_1_33' title='bbox 568 1298 736 1349; x_wconf 90' lang='lat' dir='ltr'>undique</span> <span class='ocrx_word' id='word_1_34' title='bbox 756 1299 944 1349; x_wconf 89' lang='lat' dir='ltr'>conquiri,</span> <span class='ocrx_word' id='word_1_35' title='bbox 975 1307 1015 1336; x_wconf 92' lang='lat' dir='ltr'>et</span> <span class='ocrx_word' id='word_1_36' title='bbox 1034 1299 1200 1336; x_wconf 73' lang='lat' dir='ltr'>Frumen-</span> 
     </span>
     <span class='ocr_line' id='line_1_11' title="bbox 60 1358 1200 1409; baseline -0.001 -12"><span class='ocrx_word' id='word_1_37' title='bbox 60 1368 142 1398; x_wconf 91' lang='lat' dir='ltr'>tum</span> <span class='ocrx_word' id='word_1_38' title='bbox 162 1359 279 1405; x_wconf 82' lang='lat' dir='ltr'>mitti,</span> <span class='ocrx_word' id='word_1_39' title='bbox 299 1358 516 1409; x_wconf 87' lang='lat' dir='ltr'>auxiliaque</span> <span class='ocrx_word' id='word_1_40' title='bbox 537 1358 691 1404; x_wconf 86' lang='lat' dir='ltr'>adduci,</span> <span class='ocrx_word' id='word_1_41' title='bbox 713 1359 837 1408; x_wconf 89' lang='lat' dir='ltr'>jubet.</span> <span class='ocrx_word' id='word_1_42' title='bbox 890 1359 1049 1396; x_wconf 85' lang='lat' dir='ltr'>Interim</span> <span class='ocrx_word' id='word_1_43' title='bbox 1077 1359 1200 1396; x_wconf 90' lang='lat' dir='ltr'>muni-</span> 
     </span>
     <span class='ocr_line' id='line_1_12' title="bbox 61 1418 1202 1470; baseline 0 -13"><span class='ocrx_word' id='word_1_44' title='bbox 61 1420 186 1457; x_wconf 88' lang='lat' dir='ltr'>tiones</span> <span class='ocrx_word' id='word_1_45' title='bbox 205 1418 376 1470; x_wconf 86' lang='lat' dir='ltr'>quotidie</span> <span class='ocrx_word' id='word_1_46' title='bbox 405 1419 582 1470; x_wconf 88' lang='lat' dir='ltr'>operibus</span> <span class='ocrx_word' id='word_1_47' title='bbox 601 1425 805 1469; x_wconf 86' lang='lat' dir='ltr'>augentur,</span> <span class='ocrx_word' id='word_1_48' title='bbox 834 1426 949 1470; x_wconf 89' lang='lat' dir='ltr'>atque</span> <span class='ocrx_word' id='word_1_49' title='bbox 976 1432 1106 1457; x_wconf 87' lang='lat' dir='ltr'>omnes</span> <span class='ocrx_word' id='word_1_50' title='bbox 1134 1433 1202 1470; x_wconf 87' lang='lat' dir='ltr'>op-</span> 
     </span>
     <span class='ocr_line' id='line_1_13' title="bbox 64 1479 1201 1532; baseline 0 -15"><span class='ocrx_word' id='word_1_51' title='bbox 64 1480 145 1532; x_wconf 87' lang='lat' dir='ltr'>pidi</span> <span class='ocrx_word' id='word_1_52' title='bbox 163 1487 303 1530; x_wconf 88' lang='lat' dir='ltr'>partes,</span> <span class='ocrx_word' id='word_1_53' title='bbox 324 1491 420 1530; x_wconf 88' lang='lat' dir='ltr'>quae</span> <span class='ocrx_word' id='word_1_54' title='bbox 434 1479 559 1517; x_wconf 90' lang='lat' dir='ltr'>minus</span> <span class='ocrx_word' id='word_1_55' title='bbox 578 1479 708 1517; x_wconf 89' lang='lat' dir='ltr'>firmae</span> <span class='ocrx_word' id='word_1_56' title='bbox 727 1491 809 1517; x_wconf 89' lang='lat' dir='ltr'>esse</span> <span class='ocrx_word' id='word_1_57' title='bbox 828 1480 1062 1525; x_wconf 86' lang='lat' dir='ltr'>viderentur,</span> <span class='ocrx_word' id='word_1_58' title='bbox 1082 1487 1201 1517; x_wconf 89' lang='lat' dir='ltr'>testu-</span> 
     </span>
     <span class='ocr_line' id='line_1_14' title="bbox 64 1539 1202 1591; baseline 0.001 -14"><span class='ocrx_word' id='word_1_59' title='bbox 64 1540 214 1578; x_wconf 88' lang='lat' dir='ltr'>dinibus</span> <span class='ocrx_word' id='word_1_60' title='bbox 230 1552 275 1577; x_wconf 87' lang='lat' dir='ltr'>ac</span> <span class='ocrx_word' id='word_1_61' title='bbox 290 1539 470 1577; x_wconf 90' lang='lat' dir='ltr'>musculis</span> <span class='ocrx_word' id='word_1_62' title='bbox 488 1547 689 1591; x_wconf 84' lang='lat' dir='ltr'>aptantur:</span> <span class='ocrx_word' id='word_1_63' title='bbox 717 1552 766 1576; x_wconf 90' lang='lat' dir='ltr'>ex</span> <span class='ocrx_word' id='word_1_64' title='bbox 786 1540 968 1578; x_wconf 84' lang='lat' dir='ltr'>aedificiis</span> <span class='ocrx_word' id='word_1_65' title='bbox 987 1547 1114 1578; x_wconf 90' lang='lat' dir='ltr'>autem</span> <span class='ocrx_word' id='word_1_66' title='bbox 1134 1554 1202 1591; x_wconf 89' lang='lat' dir='ltr'>per</span> 
     </span>
     <span class='ocr_line' id='line_1_15' title="bbox 63 1599 1202 1650; baseline 0 -14"><span class='ocrx_word' id='word_1_67' title='bbox 63 1600 250 1638; x_wconf 78' lang='lat' dir='ltr'>foramina</span> <span class='ocrx_word' id='word_1_68' title='bbox 281 1600 319 1636; x_wconf 89' lang='lat' dir='ltr'>in</span> <span class='ocrx_word' id='word_1_69' title='bbox 348 1600 523 1650; x_wconf 87' lang='lat' dir='ltr'>proxima</span> <span class='ocrx_word' id='word_1_70' title='bbox 551 1599 726 1637; x_wconf 85' lang='lat' dir='ltr'>aedificia</span> <span class='ocrx_word' id='word_1_71' title='bbox 755 1600 893 1636; x_wconf 88' lang='lat' dir='ltr'>arietes</span> <span class='ocrx_word' id='word_1_72' title='bbox 924 1599 1202 1644; x_wconf 89' lang='lat' dir='ltr'>immittuntur;</span> 
     </span>
     <span class='ocr_line' id='line_1_16' title="bbox 63 1660 1203 1711; baseline -0.001 -13"><span class='ocrx_word' id='word_1_73' title='bbox 63 1669 325 1711; x_wconf 88' lang='lat' dir='ltr'>quantumque</span> <span class='ocrx_word' id='word_1_74' title='bbox 353 1667 419 1697; x_wconf 91' lang='lat' dir='ltr'>aut</span> <span class='ocrx_word' id='word_1_75' title='bbox 438 1660 556 1698; x_wconf 89' lang='lat' dir='ltr'>ruinis</span> <span class='ocrx_word' id='word_1_76' title='bbox 575 1660 766 1710; x_wconf 84' lang='lat' dir='ltr'>dejicitur,</span> <span class='ocrx_word' id='word_1_77' title='bbox 799 1667 864 1698; x_wconf 88' lang='lat' dir='ltr'>aut</span> <span class='ocrx_word' id='word_1_78' title='bbox 882 1673 950 1711; x_wconf 89' lang='lat' dir='ltr'>per</span> <span class='ocrx_word' id='word_1_79' title='bbox 968 1660 1043 1697; x_wconf 92' lang='lat' dir='ltr'>vim</span> <span class='ocrx_word' id='word_1_80' title='bbox 1063 1660 1203 1710; x_wconf 88' lang='lat' dir='ltr'>recipi-</span> 
     </span>
     <span class='ocr_line' id='line_1_17' title="bbox 64 1720 1204 1771; baseline -0.001 -13"><span class='ocrx_word' id='word_1_81' title='bbox 64 1729 126 1758; x_wconf 89' lang='lat' dir='ltr'>tur</span> <span class='ocrx_word' id='word_1_82' title='bbox 144 1722 232 1767; x_wconf 90' lang='lat' dir='ltr'>loci,</span> <span class='ocrx_word' id='word_1_83' title='bbox 261 1722 299 1758; x_wconf 91' lang='lat' dir='ltr'>in</span> <span class='ocrx_word' id='word_1_84' title='bbox 318 1728 467 1758; x_wconf 89' lang='lat' dir='ltr'>tantum</span> <span class='ocrx_word' id='word_1_85' title='bbox 485 1720 716 1758; x_wconf 86' lang='lat' dir='ltr'>munitiones</span> <span class='ocrx_word' id='word_1_86' title='bbox 735 1720 1006 1771; x_wconf 86' lang='lat' dir='ltr'>proferuntur:</span> <span class='ocrx_word' id='word_1_87' title='bbox 1038 1733 1125 1758; x_wconf 88' lang='lat' dir='ltr'>narn</span> <span class='ocrx_word' id='word_1_88' title='bbox 1145 1721 1204 1757; x_wconf 89' lang='lat' dir='ltr'>in·</span> 
     </span>
     <span class='ocr_line' id='line_1_18' title="bbox 64 1781 1204 1831; baseline -0.001 -13"><span class='ocrx_word' id='word_1_89' title='bbox 64 1782 201 1819; x_wconf 84' lang='lat' dir='ltr'>cendio</span> <span class='ocrx_word' id='word_1_90' title='bbox 225 1781 306 1819; x_wconf 90' lang='lat' dir='ltr'>fere</span> <span class='ocrx_word' id='word_1_91' title='bbox 332 1789 416 1819; x_wconf 87' lang='lat' dir='ltr'>tuta</span> <span class='ocrx_word' id='word_1_92' title='bbox 434 1788 492 1819; x_wconf 86' lang='lat' dir='ltr'>est</span> <span class='ocrx_word' id='word_1_93' title='bbox 512 1781 763 1826; x_wconf 85' lang='lat' dir='ltr'>Alexandria,</span> <span class='ocrx_word' id='word_1_94' title='bbox 782 1781 886 1831; x_wconf 90' lang='lat' dir='ltr'>quod</span> <span class='ocrx_word' id='word_1_95' title='bbox 905 1781 986 1818; x_wconf 93' lang='lat' dir='ltr'>sine</span> <span class='ocrx_word' id='word_1_96' title='bbox 1005 1781 1204 1831; x_wconf 87' lang='lat' dir='ltr'>contigna-</span> 
     </span>
     <span class='ocr_line' id='line_1_19' title="bbox 64 1841 1205 1892; baseline -0.001 -12"><span class='ocrx_word' id='word_1_97' title='bbox 64 1843 169 1880; x_wconf 88' lang='lat' dir='ltr'>tione</span> <span class='ocrx_word' id='word_1_98' title='bbox 197 1855 243 1880; x_wconf 83' lang='lat' dir='ltr'>ac</span> <span class='ocrx_word' id='word_1_99' title='bbox 271 1842 429 1879; x_wconf 90' lang='lat' dir='ltr'>materia</span> <span class='ocrx_word' id='word_1_100' title='bbox 453 1849 542 1879; x_wconf 85' lang='lat' dir='ltr'>sunt</span> <span class='ocrx_word' id='word_1_101' title='bbox 570 1842 759 1887; x_wconf 86' lang='lat' dir='ltr'>aedificia,</span> <span class='ocrx_word' id='word_1_102' title='bbox 792 1849 831 1879; x_wconf 92' lang='lat' dir='ltr'>et</span> <span class='ocrx_word' id='word_1_103' title='bbox 857 1841 1058 1879; x_wconf 87' lang='lat' dir='ltr'>structuris</span> <span class='ocrx_word' id='word_1_104' title='bbox 1088 1848 1205 1892; x_wconf 86' lang='lat' dir='ltr'>atque</span> 
     </span>
    </p>
   </div>
   <div class='ocr_carea' id='block_1_7' title="bbox 66 1891 1275 1952">
    <p class='ocr_par' dir='ltr' id='par_1_7' title="bbox 66 1891 1275 1952">
     <span class='ocr_line' id='line_1_20' title="bbox 66 1891 1275 1952; baseline 0 -14"><span class='ocrx_word' id='word_1_105' title='bbox 66 1902 275 1940; x_wconf 73' lang='lat' dir='ltr'>fornicibus</span> <span class='ocrx_word' id='word_1_106' title='bbox 295 1901 553 1947; x_wconf 89' lang='lat' dir='ltr'>continentur,</span> <span class='ocrx_word' id='word_1_107' title='bbox 575 1909 756 1952; x_wconf 88' lang='lat' dir='ltr'>tectaque</span> <span class='ocrx_word' id='word_1_108' title='bbox 775 1908 863 1939; x_wconf 90' lang='lat' dir='ltr'>sunt</span> <span class='ocrx_word' id='word_1_109' title='bbox 881 1902 1034 1948; x_wconf 88' lang='lat' dir='ltr'>rudere,</span> <span class='ocrx_word' id='word_1_110' title='bbox 1053 1910 1120 1938; x_wconf 89' lang='lat' dir='ltr'>aut</span> <span class='ocrx_word' id='word_1_111' title='bbox 1138 1914 1205 1952; x_wconf 89' lang='lat' dir='ltr'>pa·</span> <span class='ocrx_word' id='word_1_112' title='bbox 1270 1891 1275 1896; x_wconf 44' lang='lat'><strong>⁴</strong></span> 
     </span>
    </p>
   </div>
   <div class='ocr_carea' id='block_1_8' title="bbox 64 1962 1207 2375">
    <p class='ocr_par' dir='ltr' id='par_1_8' title="bbox 64 1962 1207 2375">
     <span class='ocr_line' id='line_1_21' title="bbox 64 1962 1206 2012; baseline 0 -13"><span class='ocrx_word' id='word_1_113' title='bbox 64 1963 251 2000; x_wconf 85' lang='lat' dir='ltr'>vimentis.</span> <span class='ocrx_word' id='word_1_114' title='bbox 306 1963 446 2000; x_wconf 85' lang='lat' dir='ltr'>Caesar</span> <span class='ocrx_word' id='word_1_115' title='bbox 463 1962 629 1999; x_wconf 87' lang='lat' dir='ltr'>maxime</span> <span class='ocrx_word' id='word_1_116' title='bbox 649 1962 839 2008; x_wconf 87' lang='lat' dir='ltr'>studebat,</span> <span class='ocrx_word' id='word_1_117' title='bbox 861 1969 916 2008; x_wconf 93' lang='lat' dir='ltr'>ut,</span> <span class='ocrx_word' id='word_1_118' title='bbox 935 1975 1048 2012; x_wconf 90' lang='lat' dir='ltr'>quam</span> <span class='ocrx_word' id='word_1_119' title='bbox 1068 1975 1206 2012; x_wconf 89' lang='lat' dir='ltr'>angus-</span> 
     </span>
     <span class='ocr_line' id='line_1_22' title="bbox 65 2021 1207 2072; baseline -0.001 -13"><span class='ocrx_word' id='word_1_120' title='bbox 65 2022 247 2059; x_wconf 89' lang='lat' dir='ltr'>tissimam</span> <span class='ocrx_word' id='word_1_121' title='bbox 267 2028 415 2072; x_wconf 85' lang='lat' dir='ltr'>partem</span> <span class='ocrx_word' id='word_1_122' title='bbox 432 2021 562 2072; x_wconf 90' lang='lat' dir='ltr'>oppidi</span> <span class='ocrx_word' id='word_1_123' title='bbox 576 2023 683 2072; x_wconf 85' lang='lat' dir='ltr'>palus</span> <span class='ocrx_word' id='word_1_124' title='bbox 697 2035 720 2059; x_wconf 86' lang='lat' dir='ltr'>a</span> <span class='ocrx_word' id='word_1_125' title='bbox 734 2022 892 2059; x_wconf 90' lang='lat' dir='ltr'>meridie</span> <span class='ocrx_word' id='word_1_126' title='bbox 908 2022 1110 2072; x_wconf 84' lang='lat' dir='ltr'>interjecta</span> <span class='ocrx_word' id='word_1_127' title='bbox 1128 2022 1207 2059; x_wconf 89' lang='lat' dir='ltr'>effi-</span> 
     </span>
     <span class='ocr_line' id='line_1_23' title="bbox 68 2082 1207 2133; baseline 0.001 -14"><span class='ocrx_word' id='word_1_128' title='bbox 68 2082 208 2128; x_wconf 81' lang='lat' dir='ltr'>ciebat,</span> <span class='ocrx_word' id='word_1_129' title='bbox 236 2082 336 2120; x_wconf 91' lang='lat' dir='ltr'>hanc</span> <span class='ocrx_word' id='word_1_130' title='bbox 354 2083 545 2133; x_wconf 87' lang='lat' dir='ltr'>operibus,</span> <span class='ocrx_word' id='word_1_131' title='bbox 574 2082 771 2133; x_wconf 89' lang='lat' dir='ltr'>vineisque</span> <span class='ocrx_word' id='word_1_132' title='bbox 790 2082 961 2132; x_wconf 86' lang='lat' dir='ltr'>agendis,</span> <span class='ocrx_word' id='word_1_133' title='bbox 992 2083 1038 2120; x_wconf 85' lang='lat' dir='ltr'>ab</span> <span class='ocrx_word' id='word_1_134' title='bbox 1058 2082 1207 2133; x_wconf 85' lang='lat' dir='ltr'>reliqua</span> 
     </span>
     <span class='ocr_line' id='line_1_24' title="bbox 67 2143 1207 2194; baseline 0 -15"><span class='ocrx_word' id='word_1_135' title='bbox 67 2150 174 2193; x_wconf 87' lang='lat' dir='ltr'>parte</span> <span class='ocrx_word' id='word_1_136' title='bbox 203 2143 308 2179; x_wconf 90' lang='lat' dir='ltr'>urbis</span> <span class='ocrx_word' id='word_1_137' title='bbox 327 2143 574 2181; x_wconf 85' lang='lat' dir='ltr'>excluderet:</span> <span class='ocrx_word' id='word_1_138' title='bbox 607 2143 701 2180; x_wconf 89' lang='lat' dir='ltr'>illud</span> <span class='ocrx_word' id='word_1_139' title='bbox 719 2151 909 2193; x_wconf 87' lang='lat' dir='ltr'>spectans,</span> <span class='ocrx_word' id='word_1_140' title='bbox 941 2143 1118 2194; x_wconf 89' lang='lat' dir='ltr'>primurn,</span> <span class='ocrx_word' id='word_1_141' title='bbox 1149 2150 1207 2188; x_wconf 90' lang='lat' dir='ltr'>ut,</span> 
     </span>
     <span class='ocr_line' id='line_1_25' title="bbox 67 2203 1207 2253; baseline 0.001 -14"><span class='ocrx_word' id='word_1_142' title='bbox 67 2215 184 2253; x_wconf 91' lang='lat' dir='ltr'>quum</span> <span class='ocrx_word' id='word_1_143' title='bbox 203 2211 304 2241; x_wconf 87' lang='lat' dir='ltr'>esset</span> <span class='ocrx_word' id='word_1_144' title='bbox 322 2203 360 2240; x_wconf 87' lang='lat' dir='ltr'>in</span> <span class='ocrx_word' id='word_1_145' title='bbox 380 2203 472 2241; x_wconf 89' lang='lat' dir='ltr'>duas</span> <span class='ocrx_word' id='word_1_146' title='bbox 491 2211 618 2253; x_wconf 90' lang='lat' dir='ltr'>partes</span> <span class='ocrx_word' id='word_1_147' title='bbox 637 2204 726 2241; x_wconf 90' lang='lat' dir='ltr'>urbs</span> <span class='ocrx_word' id='word_1_148' title='bbox 745 2203 876 2250; x_wconf 85' lang='lat' dir='ltr'>divisa,</span> <span class='ocrx_word' id='word_1_149' title='bbox 896 2203 997 2241; x_wconf 87' lang='lat' dir='ltr'>acies</span> <span class='ocrx_word' id='word_1_150' title='bbox 1017 2217 1094 2241; x_wconf 90' lang='lat' dir='ltr'>uno</span> <span class='ocrx_word' id='word_1_151' title='bbox 1115 2216 1207 2240; x_wconf 91' lang='lat' dir='ltr'>con-</span> 
     </span>
     <span class='ocr_line' id='line_1_26' title="bbox 68 2263 1206 2316; baseline 0 -16"><span class='ocrx_word' id='word_1_152' title='bbox 68 2264 151 2302; x_wconf 86' lang='lat' dir='ltr'>silio</span> <span class='ocrx_word' id='word_1_153' title='bbox 170 2272 284 2316; x_wconf 81' lang='lat' dir='ltr'>atque</span> <span class='ocrx_word' id='word_1_154' title='bbox 305 2265 465 2315; x_wconf 89' lang='lat' dir='ltr'>imperio</span> <span class='ocrx_word' id='word_1_155' title='bbox 485 2263 834 2308; x_wconf 85' lang='lat' dir='ltr'>administraretur3</span> <span class='ocrx_word' id='word_1_156' title='bbox 867 2263 1020 2310; x_wconf 90' lang='lat' dir='ltr'>deinde,</span> <span class='ocrx_word' id='word_1_157' title='bbox 1041 2271 1083 2301; x_wconf 93' lang='lat' dir='ltr'>ut</span> <span class='ocrx_word' id='word_1_158' title='bbox 1101 2263 1206 2300; x_wconf 88' lang='lat' dir='ltr'>labo-</span> 
     </span>
     <span class='ocr_line' id='line_1_27' title="bbox 68 2322 1206 2375; baseline -0.002 -14"><span class='ocrx_word' id='word_1_159' title='bbox 68 2324 237 2363; x_wconf 86' lang='lat' dir='ltr'>rantibus</span> <span class='ocrx_word' id='word_1_160' title='bbox 256 2325 441 2371; x_wconf 88' lang='lat' dir='ltr'>succurri,</span> <span class='ocrx_word' id='word_1_161' title='bbox 468 2331 582 2375; x_wconf 83' lang='lat' dir='ltr'>atque</span> <span class='ocrx_word' id='word_1_162' title='bbox 607 2336 656 2362; x_wconf 86' lang='lat' dir='ltr'>ex</span> <span class='ocrx_word' id='word_1_163' title='bbox 675 2324 795 2362; x_wconf 86' lang='lat' dir='ltr'>altera</span> <span class='ocrx_word' id='word_1_164' title='bbox 817 2323 947 2375; x_wconf 89' lang='lat' dir='ltr'>oppidi</span> <span class='ocrx_word' id='word_1_165' title='bbox 967 2330 1074 2375; x_wconf 85' lang='lat' dir='ltr'>parte</span> <span class='ocrx_word' id='word_1_166' title='bbox 1096 2322 1206 2360; x_wconf 85' lang='lat' dir='ltr'>auxi-</span> 
     </span>
    </p>
   </div>
  </div>
 </body>
</html>
