1472 2664
250 181 274 215 ⁸
568 176 642 214 DE
684 176 863 215 BELLO
906 178 1075 216 CIVILI

250 286 338 330 post
355 279 489 317 diebus
521 279 865 330 Illurgavonenses,
897 281 961 331 qui
989 282 1132 318 flumen
1162 281 1315 320 Iberum
1335 292 1391 321 at-

250 340 419 390 tingunt,
448 340 711 390 insequuntur.
765 340 869 378 Petit
897 342 1033 379 abhis
1063 342 1251 388 omnibus,
1283 351 1326 380 ut
1350 357 1392 381 se

249 400 443 438 frumento
457 402 618 450 juvent:
646 401 900 451 pollicentur;
928 410 1057 452 atque,
1087 402 1262 440 omnibus
1283 403 1394 440 undi-

250 473 324 510 que
345 461 568 512 conquisitis
583 462 780 511 jumentis,
800 462 838 500 in
859 470 982 500 castra
1001 464 1218 513 deportant.
1271 463 1392 501 Tran-

250 521 299 558 sit
328 521 443 559 etiam
486 522 625 559 cohors
661 522 984 572 Illurgavonensis
1015 524 1063 560 ad
1093 536 1195 569 eum,
1237 525 1396 574 cognito

251 581 414 619 civitatis
435 583 608 627 consilio,
624 590 662 619 et
681 583 791 632 signa
809 596 856 620 ex
878 584 1042 622 statione
1062 585 1254 622 transfert.
1284 585 1396 634 Mag-

251 655 301 679 na
319 643 495 681 celeriter
509 644 756 681 commutatio
776 657 915 685 rerum.
946 644 1126 682 Perfecto
1140 653 1271 696 ponte,
1290 658 1395 695 mag-

250 704 309 740 nis
327 718 351 741 v
370 704 586 742 civitatibus
604 704 654 742 ad
682 704 887 742 amicitiam
915 705 1118 754 adjunctis,
1152 706 1334 755 expedita
1355 718 1396 742 re

251 765 514 811 frumentaria,
546 765 746 803 exstinctis
777 766 993 803 rumoribus
1023 767 1070 803 de
1089 767 1241 804 auxiliis
1273 767 1395 816 legio-

250 839 357 871 num,
395 839 492 877 quae
528 839 614 863 cum
647 825 832 876 Pompeio
860 840 928 876 per
960 826 1233 864 Mauritaniam
1265 828 1395 864 venire

251 887 492 933 dicebantur,
508 887 652 924 multae
670 887 957 936 longinquiores
973 887 1146 925 civitates
1169 889 1216 926 ab
1238 888 1404 925 Afranio

252 947 486 993 desciscunt,
507 956 546 984 et
561 947 734 985 Caesaris
754 947 959 984 amicitiam
979 956 1202 998 sequuntur.

302 1005 411 1043 LXI.
464 1006 612 1049 Quibus
638 1007 752 1043 rebus
779 1007 989 1057 perterritis
1009 1007 1143 1044 animis
1163 1008 1398 1046 adversario-

251 1079 348 1111 rum,
378 1067 532 1112 Caesar,
560 1079 608 1104 ne
626 1079 777 1117 semper
802 1079 941 1117 magno
961 1068 1125 1105 circuitu
1154 1081 1221 1118 per
1240 1076 1396 1119 pontem

252 1127 445 1177 equitatus
475 1135 576 1165 esset
607 1127 832 1172 mittendus,
871 1135 1007 1165 nactus
1038 1128 1219 1165 idoneum
1255 1129 1398 1174 locum,

250 1187 371 1224 fossas
403 1189 544 1238 pedum
578 1200 658 1225 xxx
690 1188 728 1224 in
755 1188 997 1225 latitudinem
1025 1189 1241 1239 complures
1267 1189 1397 1227 facere

252 1249 430 1295 instituit,
444 1250 581 1300 quibus
600 1256 748 1298 partem
764 1248 928 1299 aliquam
951 1248 1091 1287 Sicoris
1111 1257 1313 1295 averteret,
1333 1263 1401 1288 va-

252 1307 421 1360 dumque
454 1310 493 1346 in
525 1323 572 1347 eo
591 1309 749 1346 flumine
769 1309 948 1347 efficeret.
1003 1310 1076 1347 His
1095 1323 1218 1360 paene
1238 1310 1398 1356 effectis,

255 1382 436 1419 inagnum
456 1370 493 1407 in
522 1371 699 1408 timorem
729 1370 911 1407 Afranius
944 1370 1196 1421 Petreiusque
1227 1371 1400 1420 perveni-

252 1437 336 1475 unt,
370 1444 418 1469 ne
449 1432 606 1468 omnino
639 1431 829 1468 frumento
849 1431 1065 1481 pabuloque
1094 1431 1397 1468 intercluderen-

254 1498 340 1533 tur;
369 1492 473 1541 quod
491 1492 652 1529 multum
686 1493 826 1529 Caesar
845 1492 1021 1542 equitatu·
1045 1492 1207 1529 valebat.
1260 1491 1396 1542 Itaque

257 1553 497 1590 constituunt
516 1553 585 1603 ipsi
618 1553 662 1589 iis
680 1552 775 1589 locis
795 1552 999 1597 excedere,
1032 1559 1072 1589 et
1092 1552 1130 1588 in
1151 1552 1398 1590 Celtiberiam

253 1613 396 1651 bellum
417 1614 635 1651 transferre.
690 1613 796 1650 Huic
816 1613 975 1650 consilio
990 1613 1265 1663 suffragabatur
1283 1613 1398 1650 etiam

253 1673 319 1710 illa
350 1688 422 1719 res,
451 1674 556 1724 quod
587 1687 636 1710 ex
659 1674 807 1710 duobus
836 1672 1034 1709 contrariis
1054 1672 1272 1722 generibus,
1301 1685 1398 1722 quae

255 1735 451 1785 superiore
484 1734 584 1772 bello
605 1747 691 1771 cum
724 1733 771 1769 L.
804 1733 975 1770 Sertorio
995 1739 1182 1769 steterant
1209 1732 1397 1779 civitates,

255 1795 394 1840 victae,
435 1808 577 1832 nomen
611 1802 724 1844 atque
758 1794 955 1844 imperium
990 1793 1158 1830 absentis
1187 1793 1399 1838 timebant;

255 1868 353 1905 quae
382 1856 418 1892 in
451 1855 619 1892 amicitia
645 1861 877 1898 manserant,
906 1853 1079 1903 Pompeii
1111 1853 1259 1903 magnis
1286 1853 1398 1891 affec·-

255 1925 317 1953 tae
353 1915 566 1960 beneficiis,
599 1928 685 1952 cum
722 1914 956 1964 diligebant:
987 1913 1160 1950 Caesaris
1191 1921 1319 1950 autem
1356 1914 1395 1950 iu

259 1974 428 2011 barbaris
447 1982 528 2011 erat
557 1987 694 2011 nomen
728 1973 937 2010 obscurius.
989 1973 1094 2009 Hinc
1117 1986 1275 2023 magnos
1294 1974 1402 2023 equi-

254 2042 357 2072 tatus
389 2048 604 2085 magnaque
623 2034 765 2072 auxilia
796 2034 1099 2083 exspectabant3
1138 2041 1178 2070 ct
1204 2034 1279 2070 suis
1308 2034 1400 2071 locis

253 2096 396 2133 bellum
431 2096 469 2131 in
497 2096 660 2132 hiemem
693 2096 835 2132 ducere
867 2094 1102 2144 cogitabant.
1182 2094 1272 2132 Hoc
1303 2094 1398 2131 inito

255 2157 427 2201 consilio,
447 2164 529 2193 toto
548 2156 704 2193 flumine
725 2156 836 2193 Ibero
857 2168 971 2192 naves
992 2155 1231 2205 conquirere,
1260 2163 1298 2192 et
1319 2155 1397 2192 Oc-

254 2225 426 2266 togesam
455 2216 608 2262 adduci,
637 2217 786 2266 jubent.
839 2216 885 2253 Id
918 2223 1000 2253 erat
1029 2215 1211 2265 oppidum
1231 2216 1397 2267 positum
