1472 2664
236 245 311 280 ⁴210
669 242 719 277 A.
759 238 936 277 HIRTII

241 345 277 382 in
297 345 376 383 salo
408 346 572 390 stabant,
604 343 788 389 incendit,
816 350 855 381 et
883 350 1062 395 penteres
1093 343 1200 389 duas,
1235 353 1373 380 vacuas

239 407 286 443 ab
307 406 584 451 defensoribus,
610 405 716 442 nullo
738 410 990 454 repugnante,
1019 403 1132 454 cepit.

290 466 437 503 LXIII.
491 467 630 503 Caesar
654 465 806 502 interim
837 465 1013 503 celeriter
1041 477 1110 516 per
1143 464 1303 503 nuncios
1334 464 1373 501 in

238 528 386 572 castris,
416 540 531 578 quum
550 539 667 577 opera
686 526 917 571 circumiret,
947 526 1087 564 certior
1106 525 1244 571 factus,
1278 537 1377 576 quae

238 588 395 626 aberant
415 601 437 625 a
457 594 571 637 portu
590 587 707 624 millia
733 599 912 638 passuum
933 599 992 633 VI,
1020 599 1120 638 equo
1139 588 1316 634 admisso,
1337 600 1377 625 o-

240 649 362 685 missis
381 649 555 686 omnibus
573 648 702 694 rebus,
737 648 914 687 celeriter
945 649 1120 699 pervenit
1137 641 1318 699 Leptim:
1347 648 1377 685 i-

239 709 354 759 bique
372 709 559 754 hortatus,
587 722 718 747 omnes
746 715 788 746 ut
819 721 859 746 se
891 721 1006 747 naves
1037 717 1377 760 consequerentur,

240 769 404 819 primum
417 769 497 820 ipse
513 769 742 819 navigiolum
758 769 954 820 parvulum
971 770 1217 808 conscendit:
1237 769 1275 806 in
1291 783 1377 807 cur-

239 843 283 868 su
314 830 510 881 Aquilam,
539 829 783 867 multitudine
801 830 1038 880 navigiorum
1057 832 1301 882 perterritum
1320 838 1377 868 at-

241 904 315 942 que
339 890 608 941 trepidantem,
627 897 775 936 nactus,
800 891 965 928 hostium
985 891 1144 929 classem
1163 892 1271 942 sequi
1291 903 1378 930 coe-

239 952 310 1003 pit.
363 950 522 988 Interim
543 950 679 996 Varus,
718 951 913 989 celeritate
946 952 1118 990 Caesaris
1143 952 1380 1003 audaciaque

239 1020 381 1059 motus,
408 1024 496 1049 cum
515 1011 691 1049 universa
722 1012 856 1057 classe,
898 1013 1090 1050 conversis
1122 1014 1294 1060 navibus,
1323 1013 1379 1051 A·

242 1074 460 1112 drumetum
477 1084 609 1109 versus
624 1071 757 1123 fugere
778 1073 988 1111 contendit.
1042 1076 1167 1117 Quem
1184 1075 1325 1113 Caesar
1339 1075 1378 1111 in

241 1135 409 1173 millibus
427 1146 606 1185 passuum
627 1145 665 1170 lv
685 1141 928 1180 consecutus,
948 1143 1175 1186 recuperata
1193 1136 1377 1187 quinque·

241 1196 337 1234 remi
357 1208 444 1233 cum
460 1194 636 1232 omnibus
654 1195 730 1232 suis
749 1194 924 1245 epibatis,
944 1202 1058 1247 atque
1077 1196 1192 1234 etiam
1211 1197 1379 1235 hostium

241 1257 464 1297 custodibus
482 1268 590 1293 cxxx
610 1255 648 1292 in
667 1268 713 1293 ea
730 1267 826 1293 nave
845 1257 981 1307 captis,
1000 1257 1194 1296 triremem
1213 1259 1380 1296 hostium

240 1317 469 1371 proximam,
505 1329 602 1368 quae
623 1316 660 1353 in
680 1317 931 1367 repugnando
949 1325 1031 1356 erat
1064 1327 1311 1366 commorata,
1340 1333 1381 1359 o-

240 1387 391 1418 nustam
410 1377 597 1428 remigum
627 1376 954 1428 epibatarumque,
974 1378 1099 1429 cepit:
1126 1379 1294 1430 reliquae
1313 1392 1380 1418 na-

240 1453 307 1479 ves
335 1439 502 1477 hostium
533 1438 834 1489 promontorium
854 1439 1096 1489 superarunt,
1115 1447 1232 1491 atque
1252 1441 1381 1479 Adru-

240 1508 384 1539 metum
403 1501 442 1538 in
461 1500 676 1538 Cothonem
694 1511 734 1536 se
755 1499 952 1537 universae
973 1500 1230 1540 contulerunt.
1284 1502 1382 1540 Cae-

242 1575 302 1600 sar
321 1562 456 1599 eodem
476 1567 590 1597 vento
618 1560 921 1610 promontorium
946 1573 1125 1612 superare
1144 1575 1220 1600 non
1240 1564 1380 1614 potuit,

242 1631 372 1674 atque,
399 1621 437 1658 in
457 1621 536 1659 salo
555 1620 594 1657 in
612 1620 790 1658 anchoris
809 1633 854 1658 ea
872 1628 986 1659 nocte
1005 1630 1274 1670 commoratus,
1306 1624 1381 1676 pri-

242 1697 305 1721 ma
321 1683 408 1720 luce
429 1681 683 1719 Adrumetum
700 1680 875 1724 accedit;
909 1681 1052 1732 ibique,
1072 1682 1230 1720 navibus
1249 1696 1382 1721 onera-

243 1745 320 1790 riis,
348 1756 444 1794 quae
464 1749 571 1780 erant
599 1749 711 1779 extra
730 1742 962 1786 Cothonem,
990 1742 1166 1789 incensis,
1187 1744 1380 1782 omnibus-

243 1818 317 1856 que
353 1803 509 1855 reliquis
535 1803 617 1840 aliis
644 1809 710 1840 aut
746 1801 957 1847 subductis,
997 1809 1063 1840 aut
1095 1803 1132 1839 in
1165 1803 1381 1842 Cothonem

244 1865 462 1916 compulsis,
474 1863 679 1916 paullisper
693 1870 963 1909 commoratus,
978 1863 1009 1900 si
1023 1863 1122 1902 forte
1135 1863 1274 1902 vellent
1288 1865 1385 1903 clas-

244 1942 284 1967 se
304 1927 500 1972 dimicare,
519 1938 648 1964 rursus
667 1937 707 1962 se
726 1924 873 1975 recepit
892 1924 929 1960 in
949 1931 1087 1962 castra.

293 1987 438 2025 LXIV.
482 1987 528 2023 In
548 1999 593 2024 ea
611 1997 706 2023 nave
727 1992 860 2036 captus
887 1992 946 2022 est
975 1985 1019 2022 P.
1046 1984 1234 2032 Vestrius,
1266 1998 1385 2036 eques

246 2047 457 2092 Romanus,
498 2053 537 2084 et
565 2046 608 2083 P.
644 2045 836 2096 Ligarius,
865 2045 1111 2092 Afranianus,
1137 2059 1251 2097 quern
1287 2047 1386 2084 Cae-

243 2122 302 2147 sar
332 2108 370 2145 in
391 2107 579 2158 Hispania
598 2119 685 2144 cum
717 2106 871 2157 reliquis
891 2106 1100 2152 dimiserat,
1127 2115 1167 2145 et
1190 2114 1326 2158 postea
1342 2120 1384 2145 se

244 2169 293 2206 ad
311 2168 537 2218 Pompeium
566 2166 805 2210 contulerat3
844 2167 932 2204 inde
952 2178 1001 2204 ex
1019 2167 1166 2218 proelio
1185 2167 1384 2218 effugerat,

246 2230 285 2267 in
305 2228 555 2278 Africamque
575 2227 623 2264 ad
643 2226 785 2264 Varum
805 2234 962 2266 venerat
979 2242 988 2265 :
1013 2241 1128 2278 quem
1155 2228 1204 2266 ob
1222 2228 1384 2279 perjuri·

244 2304 306 2329 um
323 2288 597 2342 perfidiamque
617 2288 757 2327 Caesar
772 2289 885 2339 jussit
904 2289 1044 2328 necari.
1079 2289 1124 2327 P.
1143 2288 1297 2328 Vestrio
1317 2301 1383 2327 au-
