1472 2664
529 278 695 320 LIBER
748 281 824 323 ΙΙΙ.
1189 282 1240 327 73

96 389 227 441 lasque
248 387 435 432 civitates,
462 393 592 424 certae
620 386 808 437 pecuniae
828 387 1128 437 imperabantur,
1155 401 1238 426 mu-

96 459 256 500 tuasque
288 447 369 484 illas
400 459 451 484 ex
485 446 560 485 SC.
588 447 693 497 exigi
720 447 975 485 dictitabant:
1008 448 1238 497 publicanis,

96 513 152 550 uti
170 512 208 548 in
226 516 328 547 sorte
346 509 532 554 fecerant,
547 508 783 558 insequentis
800 509 889 546 anni
904 508 1068 558 vectigal
1082 521 1240 558 promu-

100 580 221 610 tuum.

153 629 342 670 XXXIII.
395 630 603 667 Praeterea
623 629 767 680 Ephesi
786 642 808 667 a
832 628 921 666 fano
941 629 1090 667 Dianae
1122 629 1242 680 depo-

97 693 188 732 sitas
206 692 417 742 antiquitus
434 691 618 742 pecunias
647 691 777 742 Scipio
806 691 888 728 tolli
901 691 1088 740 jubebat3
1116 698 1241 728 certa-

98 766 171 805 que
197 755 279 803 ejus
298 753 353 790 rei
373 753 436 791 die
468 752 689 798 constituta,
715 764 833 802 quum
852 752 891 788 in
919 751 1049 789 fanum
1082 758 1240 788 ventum

100 822 215 860 esset,
229 814 410 851 adhibitis
425 813 685 864 compluribus
697 813 880 850 senatorii
894 812 1050 858 ordinis,
1067 825 1162 862 quos
1177 811 1245 849 ad-

97 881 301 912 vocaverat
322 874 466 924 Scipio,
487 873 620 910 literae
635 873 670 911 ei
686 873 899 911 redduntur
913 886 936 910 a
948 872 1148 923 Pompeio,
1163 883 1243 910 ma*

99 948 141 973 re
174 937 355 972 transisse
373 947 461 973 cum
491 933 707 984 legionibus
740 934 973 978 Caesarem;
1019 941 1245 984 properaret

96 995 147 1033 ad
174 1007 214 1032 se
233 1007 322 1032 cum
351 994 526 1032 exercitu
558 994 701 1040 venire,
740 995 944 1045 omniaque
975 995 1242 1045 posthaberet.

96 1056 170 1094 His
188 1056 308 1093 literis
327 1057 511 1106 acceptiS,
531 1067 626 1106 quos
645 1055 912 1102 advocaverat,
943 1055 1123 1092 dimittit:
1157 1055 1240 1106 ipse

97 1117 171 1155 iter
189 1117 229 1154 in
261 1116 533 1154 Macedoniam
553 1128 686 1167 parare
724 1116 871 1167 incipit,
912 1116 1122 1167 paucisque
1154 1122 1244 1166 post

100 1178 237 1216 diebus
267 1185 326 1215 est
360 1177 571 1228 profectus.
625 1177 737 1215 Haec
757 1190 816 1215 res
837 1177 1028 1227 Ephesiae
1052 1176 1243 1227 pecuniae

99 1239 262 1277 salutem
282 1238 424 1276 attulit.

152 1300 339 1337 XXXIV.
388 1300 545 1346 Caesar,
562 1299 724 1337 Antonii
738 1300 913 1337 exercitu
933 1300 1157 1349 conjuncto,
1177 1299 1246 1337 de-

99 1361 218 1399 ducta
250 1361 369 1398 Orico
401 1361 569 1412 legione,
605 1372 719 1411 quam
739 1362 905 1398 tuendae
925 1372 1014 1398 orae
1033 1361 1247 1399 maritimae

99 1435 236 1460 caussa
256 1429 451 1473 posuerat,
471 1422 674 1459 tentandas
691 1422 764 1459 sibi
782 1422 998 1472 provincias
1017 1422 1248 1473 longiusque

100 1483 392 1533 procedendum
428 1482 696 1525 existimabat;
740 1490 792 1527 et,
833 1495 949 1532 quum
987 1483 1035 1519 ad
1072 1494 1159 1519 eum
1197 1495 1249 1520 ex

98 1543 313 1588 Thessalia,
335 1543 582 1593 Aetoliaque,
602 1543 721 1593 legati
735 1543 942 1588 venissent,
962 1544 1041 1594 qui,
1057 1543 1248 1593 praesidio

98 1603 228 1648 misso,
248 1603 533 1654 pollicerentur,
573 1615 704 1641 earum
734 1604 907 1653 gentium
927 1604 1101 1642 civitates
1128 1604 1249 1655 impe-

101 1673 185 1702 rata
203 1665 386 1709 facturas,
415 1664 462 1701 L.
482 1664 654 1702 Cassium
684 1663 903 1714 Longinum
922 1678 1010 1702 cum
1030 1665 1182 1715 legione
1203 1665 1250 1702 ti-

104 1737 255 1770 ronum,
288 1737 386 1775 quae
419 1724 682 1775 appellabatur
715 1724 898 1773 vigesima
924 1724 1100 1773 septima,
1131 1732 1249 1775 atque

105 1785 298 1835 equitibus
317 1796 380 1830 cc,
413 1785 450 1820 in
472 1783 722 1829 Thessaliam,
751 1786 797 1821 C.
827 1784 1033 1822 Calvisium
1066 1784 1252 1822 Sabinum

105 1857 194 1882 cum
216 1846 438 1883 cohortibus
459 1857 501 1890 v,
518 1846 730 1896 paucisque
749 1846 957 1896 equitibus,
985 1845 1022 1882 in
1041 1846 1251 1893 Aetoliam,

103 1905 229 1943 misit:
262 1906 429 1944 maxime
449 1919 528 1952 cos,
549 1906 653 1956 quod
671 1915 781 1944 erant
800 1906 1039 1957 propinquae
1057 1906 1251 1957 regiones,

104 1966 153 2004 de
173 1978 214 2003 re
231 1966 483 2004 frumentaria
502 1974 544 2003 ut
562 1966 823 2017 providerent,
860 1967 1034 2003 hortatus
1053 1973 1123 2003 est.
1178 1967 1251 2004 Cn.

107 2026 323 2064 Domitium
351 2027 553 2064 Calvinum
585 2040 674 2064 cum
702 2027 918 2078 legionibus
947 2027 1110 2072 duabus,
1140 2038 1183 2064 x1
1213 2034 1253 2065 et

104 2095 184 2133 ΧΠ,
213 2095 254 2125 et
281 2088 476 2138 equitibus
495 2099 537 2133 D,
557 2087 888 2126 in÷Macedoniam
906 2088 1098 2138 proficisci
1113 2088 1226 2137 jubet
1241 2102 1253 2126 ι

107 2150 218 2198 cujus
235 2148 455 2199 provinciae
472 2149 521 2186 ab
541 2160 588 2186 ea
603 2157 728 2199 parte,
756 2161 854 2200 quae
872 2149 1015 2186 Libera
1033 2149 1252 2200 appellaba-

107 2217 185 2254 tur,
212 2208 484 2255 Menedemus,
514 2209 693 2260 princeps
710 2221 843 2247 earum
873 2209 1088 2260 regionum,
1114 2209 1253 2247 missus

106 2269 271 2320 legatus,
303 2270 475 2309 omnium
501 2281 659 2308 suorum
688 2271 886 2311 excellens
905 2270 1074 2310 studium
1096 2270 1254 2322 profite-

107 2329 233 2368 batur.

187 2390 298 2430 Tou.
323 2391 377 2429 ΙΙ.
693 2391 730 2428 Κ
