1472 2664
220 248 295 284 152
658 247 707 283 A.
749 246 926 284 HIRTII

217 361 304 386 eum
324 348 475 398 longius
505 361 748 399 progressum
770 350 917 400 insequi
944 349 1180 387 decreverat.
1233 351 1361 392 Quum

216 409 374 459 propius
405 410 609 447 Tauridem
630 411 866 456 accessisset,
895 410 1071 447 distensis
1091 410 1166 447 suis
1186 411 1358 455 navibus,-

217 471 318 520 quod
347 478 386 507 et
405 478 611 520 tempestas
631 478 713 508 erat
739 471 973 514 turbulenta,
1008 478 1047 507 ct
1072 471 1177 508 nulla
1196 471 1363 522 suspicio

215 531 348 576 hostis,
369 538 528 580 repente
548 531 744 568 adversam
764 531 812 568 ad
831 544 871 568 se
890 531 1108 568 venientem
1124 545 1273 577 navem,
1295 545 1359 568 an·

215 592 352 628 temnis
371 591 419 628 ad
451 592 616 629 medium
637 591 775 629 malum
797 588 984 636 demissis,
1019 592 1243 629 instructam
1273 605 1361 642 pro-

216 653 508 703 pugnatoribus,
528 653 806 690 animadvertit.
849 653 964 695 Quod
985 653 1048 690 ubi
1064 654 1281 704 conspexit,
1301 666 1363 691 ce-

214 712 346 750 leriter
363 713 448 750 vela
473 713 649 757 subduci,
676 712 901 763 demittique
923 720 1135 758 antemnaS,
1164 714 1290 762 jubet,
1322 721 1362 750 et

216 772 356 810 milites
374 772 535 814 armari;
563 781 603 809 ct
627 773 769 810 vexillo
789 773 954 818 sublato,
983 786 1057 823 quo
1079 775 1274 824 pugnandi
1300 775 1364 812 (la-

215 834 282 870 bat
300 833 464 883 signum,
484 846 581 883 quae
602 833 744 883 primae
764 846 879 870 naves
894 835 1239 884 subsequebantur,
1260 835 1362 872 idem

216 902 260 931 ut
278 893 464 939 facerent,
502 894 755 944 significabat.
797 894 989 932 Parabant
1010 908 1049 932 se
1070 895 1277 940 Vatiniani‚
1307 910 1365 933 re-

216 962 332 1005 pente
351 955 546 1005 oppressi:
576 955 697 1005 parati
726 955 909 1005 deinceps
940 955 1143 992 Octaviani
1171 969 1220 992 ex
1249 964 1366 1006 portu

215 1015 490 1065 procedebant.
546 1015 752 1052 Instruitur
780 1016 959 1066 utrinque
979 1016 1106 1059 acies;
1135 1016 1268 1053 ordine
1288 1017 1363 1053 dis-

216 1075 340 1125 posita
358 1074 479 1125 magis
505 1075 731 1121 octaviana,-
759 1077 927 1126 paratior
947 1076 1108 1113 militum
1127 1077 1262 1114 animis
1290 1078 1363 1114 Va-

216 1135 374 1173 tiniana.

268 1197 411 1235 XLVI.
448 1197 638 1243 Vatinius,
659 1212 776 1249 quum
796 1198 1129 1244 animadverteret,
1150 1211 1274 1249 neque
1295 1211 1359 1236 na·

214 1261 316 1298 vium
333 1274 373 1298 se
389 1262 669 1312 magnitudine,
689 1275 815 1312 neque
831 1275 1005 1307 numero,
1025 1275 1156 1312 parem
1173 1274 1269 1307 esse,
1290 1262 1365 1299 for-

215 1322 336 1360 tuitae
362 1322 617 1360 dimicationis
644 1322 821 1360 fortunae
852 1336 931 1360 rem
958 1323 1198 1359 committere
1231 1323 1366 1360 noluit.

214 1383 352 1433 Itaque
371 1383 515 1433 primus
528 1396 595 1421 sua
614 1384 878 1434 quinqueremi
895 1384 931 1420 in
949 1383 1228 1434 quadriremem
1246 1384 1364 1434 ipsius

216 1444 369 1482 Octavii
390 1444 571 1495 impetum
593 1444 697 1482 fecit.
736 1445 946 1482 Celerrime
966 1444 1248 1495 fortissimeque
1268 1458 1359 1482 con-

214 1512 275 1543 tra
293 1505 357 1542 illo
377 1505 603 1556 remigante,
641 1518 755 1542 naves
775 1505 956 1542 adversae
970 1505 1107 1542 ‘rostris
1127 1514 1364 1543 concurrunt

214 1567 311 1604 adeo
326 1567 585 1611 vehementer,
605 1573 648 1603 ut
662 1566 767 1603 navis
784 1566 1010 1611 Octaviana,
1031 1575 1154 1604 rostro
1174 1567 1363 1611 discusso,

214 1627 319 1678 ligno
345 1628 619 1665 contineretur.
675 1627 937 1665 Committitur
964 1621 1103 1665 acriter
1123 1627 1278 1678 reliquis
1306 1628 1360 1665 lo-

215 1688 271 1725 cis
290 1687 490 1738 proelium,
512 1688 830 1738 concurriturque
844 1688 893 1725 ad
907 1688 1026 1725 duces
1041 1688 1219 1726 maxime.
1248 1688 1365 1734 Nam,

215 1763 333 1800 quum
353 1761 421 1787 suo
452 1749 613 1799 quisque
633 1749 816 1786 auxilium
836 1749 968 1795 ferret,
997 1762 1177 1799 magnum
1205 1750 1363 1787 commi-

213 1823 284 1847 nus
304 1810 341 1847 in
362 1817 525 1860 angusto
545 1810 638 1847 mari
658 1810 843 1860 proelium
865 1809 1009 1847 factum
1030 1817 1087 1847 est
1107 1824 1115 1846 ι
1144 1819 1364 1862 quantoque

215 1871 432 1921 conjunctis
445 1871 565 1921 magis
580 1871 738 1908 navibus
752 1870 985 1920 confligendi
1002 1878 1172 1921 potestas
1187 1871 1367 1918 dabatur,-

213 1938 320 1968 tanto
339 1931 556 1981 superiores
585 1938 692 1968 erant
714 1930 930 1974 Vatiniani;
957 1931 1021 1982 qui
1041 1931 1263 1969 admiranda
1290 1932 1364 1969 vir-

212 1999 295 2029 tute
322 2005 370 2029 ex
391 1992 467 2029 suis
487 1992 645 2029 navibus
676 1992 713 2029 in
748 1991 915 2029 hostium
942 2005 1058 2030 naves
1077 1993 1265 2033 transilire
1286 2007 1361 2031 non

215 2052 458 2098 dubitabant,
487 2060 541 2097 et,
562 2053 808 2090 dimicatione
822 2061 997 2103 aequata,
1018 2054 1132 2103 longe
1151 2055 1363 2105 superiores

216 2113 372 2158 virtute,
394 2126 472 2150 rem
489 2113 652 2151 feliciter
665 2114 863 2163 gerebant.
900 2113 1140 2164 Deprimitur
1154 2114 1270 2165 ipsius
1283 2115 1361 2152 Oc-

215 2174 305 2211 tavii
336 2174 611 2224 quadriremis:
638 2173 779 2210 multae
807 2181 1006 2223 praeterea
1036 2175 1253 2225 capiuntur,
1284 2184 1364 2221 aut,

213 2234 344 2271 rostris
361 2234 589 2284 perforatae,
610 2241 860 2283 merguntur:
881 2243 1185 2284 propugnatores
1207 2235 1362 2273 Octavi-

215 2295 276 2331 ani
297 2295 434 2345 partini
453 2295 488 2331 in
505 2295 912 2345 navibusjugulantur,
927 2296 1066 2346 partim
1081 2296 1120 2333 in
1138 2309 1240 2334 mare
1254 2309 1362 2347 prae-
