1472 2664
280 294 354 332 DE
382 293 559 332 BELLO
588 294 763 334 AFRIC.
791 295 967 333 LIBER.
1122 300 1193 335 221

63 409 196 442 cornu,
229 409 293 434 11x
321 405 360 435 et
389 410 432 434 lx
457 397 622 443 sinistro,
655 398 837 449 oppositis
863 411 890 435 v
919 398 1130 449 legionibus
1158 399 1197 435 in

62 465 197 507 quarta
214 458 309 503 acie,
341 465 429 495 ante
449 459 531 508 ipsa
549 471 693 496 cornua
717 459 840 509 quinis
867 458 1087 496 cohortibus
1107 471 1198 496 con-

45 524 120 554 tra
145 517 285 554 bestias
310 519 519 563 collocatis,
548 519 766 569 sagittariis,
795 518 1066 563 funditoribus,
1098 519 1137 554 in
1157 532 1199 555 u-

61 575 206 624 trisque
226 577 404 614 cornibus
433 577 636 627 dispositis,
665 578 816 628 levique
833 585 1023 615 armatura
1040 578 1139 615 inter
1158 591 1197 615 e·

60 636 186 686 quites
214 637 431 686 interjecta,
463 638 557 688 ipse,
589 637 749 688 pedibus
769 638 912 675 circum
939 638 1078 675 milites
1107 650 1199 676 con-

60 709 231 741 cursanS,
251 697 488 747 virtutesque
506 705 770 735 veteranorum
790 699 1010 748 proeliaque
1028 698 1198 748 superio-

52 769 102 793 vra
117 769 431 803 commemorans,
445 757 660 808 blandeque
675 758 882 808 appellans,
903 758 1048 795 animos
1063 771 1196 795 eorum

58 816 265 853 excitabat.
307 816 467 854 Tirones
486 824 628 862 autem,
647 818 712 868 qui
727 830 918 868 nunquam
934 818 971 855 in
987 818 1070 855 acie
1087 817 1197 854 dimi·

60 876 226 921 cassent,
244 875 482 921 hortabatur,
512 884 554 913 ut
572 883 836 914 veteranorum
864 876 1042 913 virtutem
1069 888 1198 913 aemu-

59 937 242 981 larentur,
261 948 469 986 eorumque
486 935 639 982 famam,
660 949 813 981 nomen,
832 936 1049 986 locumque,
1077 936 1198 974 victo-

56 996 116 1035 ria
133 1004 254 1047 parta,
275 1004 460 1046 cuperent
478 996 685 1046 possidere.

112 1055 315 1093 LXXXII.
367 1056 504 1106 Itaque
523 1056 561 1092 in
587 1057 859 1094 circumeundo
885 1057 1098 1095 exercitum
1117 1058 1197 1094 ani-

55 1116 263 1154 madvertit
279 1116 408 1153 hostes
428 1116 530 1153 circa
556 1116 696 1153 vallum
715 1117 920 1166 trepidare,
952 1124 1068 1167 atque
1096 1117 1196 1154 ultro

57 1178 230 1227 citroque
249 1176 404 1226 pavidos
431 1189 676 1222 concursare,
695 1184 734 1213 et
753 1176 866 1213 modo
893 1189 934 1213 se
954 1177 1051 1214 intra
1069 1185 1198 1227 portas

58 1238 244 1288 recipere,
272 1236 385 1273 modo
405 1237 667 1273 inconstanter
687 1236 1012 1287 immoderateque
1030 1237 1197 1287 prodire.

58 1300 186 1340 Quum
218 1297 318 1334 idem
344 1309 366 1333 a
392 1296 563 1346 pluribus
591 1296 839 1334 animadverti
872 1305 1050 1347 coeptum
1082 1305 1197 1343 esset,

58 1357 184 1396 subito
204 1357 320 1407 legati
339 1356 563 1406 evocatique
591 1356 792 1393 obsecrare
812 1356 1028 1400 Caesarem,
1060 1369 1109 1393 ne
1128 1357 1197 1393 du-

55 1418 195 1455 bitaret
221 1417 372 1466 signum
391 1416 506 1454 dare:
535 1415 730 1452 victoriam
763 1416 834 1453 sibi
862 1415 1054 1466 propriam
1079 1428 1101 1453 a
1126 1416 1197 1453 diis

55 1476 332 1514 immortalibus
362 1475 552 1526 portendi.
618 1475 833 1513 Dubitante
871 1476 1049 1520 Caesare,
1082 1483 1198 1526 atque

57 1551 190 1576 eorum
218 1536 344 1574 studio
365 1535 641 1586 cupiditatique
660 1536 875 1581 resistente,
895 1536 1055 1585 sibique,
1085 1549 1197 1586 erup-

58 1598 162 1635 tione
180 1597 358 1647 pugnari,
376 1609 452 1633 non
468 1595 619 1645 placere
638 1596 870 1641 clamitante,
890 1604 929 1632 et
947 1595 1062 1632 etiam
1081 1603 1196 1646 atque

58 1657 174 1696 etiam
194 1657 315 1694 aciem
329 1663 582 1701 sustentante,
601 1656 726 1692 subito
741 1656 879 1692 dextro
899 1668 1032 1700 cornu,
1052 1656 1196 1705 injussu

56 1718 245 1762 Caesaris,
274 1717 444 1761 tubicen,
463 1729 485 1753 a
503 1715 685 1753 militibus
705 1723 875 1760 coactus,
896 1727 1033 1752 canere
1054 1716 1194 1765 coepit.

57 1780 144 1820 Quo
171 1777 289 1822 facto,
319 1777 366 1813 ab
387 1776 570 1812 universis
597 1775 818 1812 cohortibus
848 1775 956 1825 signa
983 1775 1021 1812 in
1048 1776 1196 1812 hostem

57 1851 222 1888 coepere
253 1836 398 1881 inferri,
431 1849 546 1886 quum
579 1836 822 1873 centuriones
851 1842 1008 1886 pectore
1035 1835 1196 1872 adverso

59 1897 297 1941 resisterent,
326 1896 437 1945 vique
464 1896 706 1933 continerent
725 1895 877 1940 milites,
897 1907 944 1932 ne
965 1895 1108 1944 injussu
1127 1894 1196 1931 im-

55 1957 240 2008 peratoris
260 1962 556 1997 concurrerent3
596 1968 668 1992 nec
688 1955 893 2005 quidquam
913 1954 1155 2004 proficerent.

105 2015 331 2054 LXXXIII.
385 2015 499 2056 Quod
517 2023 716 2066 postquam
738 2016 878 2052 Caesar
905 2015 1108 2060 intellexit,
1141 2015 1197 2052 in-

55 2077 182 2115 citatis
201 2075 364 2113 militum
384 2075 516 2112 animis
535 2075 660 2112 resisti
679 2075 784 2112 nullo
803 2075 916 2112 modo
938 2087 1064 2125 posse,
1085 2075 1195 2125 signo

57 2137 266 2174 Felicitatis
285 2136 389 2181 dato,
408 2148 507 2185 equo
523 2135 699 2180 admisso,
720 2136 756 2171 in
777 2135 926 2172 hostem
946 2142 1079 2188 contra
1094 2135 1197 2184 prin-

49 2197 162 2247 ,cipes
181 2197 235 2233 ire
255 2196 466 2234 contendit.
521 2196 557 2232 A
577 2196 714 2233 dextro
743 2195 892 2232 interim
923 2208 1042 2232 cornu
1071 2193 1197 2231 fundi·

58 2265 160 2295 tores
179 2256 440 2306 sagittariique
460 2256 612 2294 concita
627 2256 701 2293 tela
721 2255 758 2292 in
778 2255 1001 2306 elephantos
1020 2255 1197 2305 frequen,-

56 2324 118 2355 .tes
145 2317 332 2367 injiciunt.
386 2317 472 2358 Quo
491 2315 608 2363 facto,
635 2316 795 2360 bestiae,
814 2315 975 2354 stridore
994 2314 1198 2353 fundarum
