1472 2664
255 282 329 319 228
688 283 738 319 A.
779 282 956 320 HIRTII

252 383 432 434 precibus
452 396 604 435 quoque
626 384 784 432 orasset,
815 386 870 423 uti
889 399 929 425 se
947 386 997 423 ad
1016 398 1103 424 suos
1122 386 1215 425 deos
1233 394 1390 437 penates

249 444 512 487 admitterent;
533 444 598 483 ubi
617 458 683 483 eos
701 446 740 483 in
760 447 951 484 sententia
967 455 1137 497 perstare
1156 448 1391 487 animadver-

249 504 310 551 tit,
329 518 401 544 nec
419 505 530 543 minis
548 518 621 543 nec
637 507 814 558 precibus
834 507 910 544 suis
929 508 1086 552 moveri,
1115 521 1191 558 quo
1211 509 1330 559 magis
1350 521 1391 547 se

248 567 491 618 reciperent:
520 566 634 605 tertio
663 567 759 618 petit
777 568 825 606 ab
845 568 912 613 eis,
943 575 984 605 ut
1003 568 1074 605 sibi
1095 570 1279 619 conjuges
1297 569 1389 607 libe-

246 639 386 678 rosque
415 627 634 675 redderent,
662 635 703 665 ut
731 640 861 666 secum
882 641 947 666 eos
977 629 1227 679 absportaret.
1281 628 1390 667 Post·

246 700 360 738 quam
381 688 450 725 sibi
470 687 564 724 nihil
582 688 737 726 omnino
757 688 966 739 oppidanos
986 690 1154 740 responsi
1175 690 1335 728 reddere
1351 703 1390 728 a·

244 747 504 793 nimadverffl,
523 748 628 786 nulla
646 762 687 787 re
705 750 752 787 ab
772 749 815 787 iis
835 749 1050 799 impetrata,
1071 751 1116 788 ab
1136 750 1252 788 Zama
1267 751 1389 789 disce·

244 808 316 854 dit,
342 815 457 859 atque
487 809 535 847 ad
553 809 679 847 villam
699 821 805 847 suam
825 823 911 848 cum
931 809 988 846 M.
1010 810 1163 848 Petreio
1182 811 1390 863 paucisque

244 869 437 918 equitibus
455 882 496 907 se
516 870 678 907 confert.

296 929 424 968 XCII.
477 929 684 968 Zamenses
703 931 854 968 interim
886 931 1032 981 legatos
1062 932 1108 969 de
1129 932 1172 969 iis
1202 932 1315 970 rebus
1342 932 1391 970 ad

243 990 447 1029 Caesarem
470 991 623 1030 Uticam
643 992 813 1038 mittunt,
833 1000 1045 1043 petuntque
1065 993 1112 1030 ab
1132 1006 1193 1038 eo,
1213 993 1268 1030 uti
1285 1001 1388 1039 ante,

244 1064 356 1102 quam
374 1065 442 1091 rex
457 1065 609 1090 manum
630 1052 843 1104 colligeret,
863 1066 1023 1104 seseque
1042 1061 1298 1104 oppugnaret,
1318 1054 1388 1091 sibi

242 1112 425 1149 auxilium
446 1112 637 1150 mitteret:
669 1126 709 1150 se
730 1120 856 1150 tamen
877 1121 1029 1164 paratos
1049 1126 1145 1160 esse,
1161 1114 1234 1152 sibi
1263 1114 1389 1165 quoad

242 1173 320 1209 vita
345 1180 581 1224 suppeteret,
608 1173 789 1224 oppidum
811 1186 928 1225 seque
949 1174 982 1210 ei
1004 1187 1207 1212 reservare.
1260 1174 1386 1225 Lega-

242 1240 301 1270 tos
321 1233 558 1270 collaudatos
589 1233 731 1270 Caesar
749 1233 903 1270 domum
932 1234 1043 1282 jubet
1063 1235 1307 1280 antecedere,
1339 1247 1386 1272 ac

239 1307 350 1331 suum
371 1293 577 1331 adventum
597 1294 886 1345 praenunciare.
922 1294 1024 1345 lpse,
1045 1303 1198 1346 postero
1219 1295 1280 1333 die
1302 1295 1385 1333 Uti-

240 1366 284 1391 ca
313 1366 502 1404 egressus,
535 1366 621 1391 cum
645 1353 819 1403 equitatu
847 1353 883 1389 in
905 1366 1064 1403 regnum
1092 1354 1146 1391 ire
1174 1353 1387 1392 contendit.

237 1414 398 1452 Interim
419 1414 455 1451 in
476 1414 612 1451 itinere
632 1418 679 1452 e'x
701 1414 815 1464 regiis
830 1414 951 1464 copiis
971 1415 1089 1452 duces
1106 1415 1319 1465 complures
1339 1415 1386 1452 ad

239 1476 441 1513 Caesarem
462 1474 635 1521 veniunt,
655 1482 855 1525 orantque,
882 1484 923 1512 ut
943 1475 1014 1512 sibi
1034 1475 1221 1526 ignoscat,
1250 1476 1386 1526 quibus

237 1536 473 1586 supplicibus
494 1535 604 1573 venia
624 1535 726 1581 data,
746 1535 901 1573 Zamam
922 1537 1161 1586 perveniunt.
1217 1536 1387 1575 Rumore

239 1597 391 1634 interim
411 1597 560 1647 perlato
580 1596 628 1634 de
647 1598 730 1647 ejus
748 1596 908 1634 lenitate
934 1597 1229 1648 clementiaque,
1250 1611 1386 1648 prope-

237 1658 392 1695 modum
424 1670 557 1695 omnes
586 1657 695 1708 regni
727 1657 876 1708 equites
901 1657 1056 1695 Zamam
1085 1658 1314 1708 perveniunt
1339 1658 1388 1696 ad

239 1719 458 1765 Caesarem,
486 1719 534 1756 ab
549 1730 674 1769 eoque
696 1725 787 1757 sunt
805 1726 910 1756 metu
930 1719 1179 1769 periculoque
1197 1719 1361 1757 liberati.

288 1778 438 1816 XC111.
483 1778 588 1817 Dum
607 1778 704 1816 haec
721 1779 924 1830 utrobique
943 1787 1144 1829 geruntur,
1166 1779 1385 1826 Considius,

237 1840 303 1892 qui
323 1839 483 1877 Tisdrae
503 1853 589 1877 cum
609 1839 753 1881 familia
771 1852 854 1885 sua,
881 1839 1107 1890 gladiatoria
1125 1853 1254 1886 manu,
1284 1840 1385 1880 Gae-

236 1902 418 1952 tulisque,
436 1908 625 1952 praeerat,
645 1901 801 1952 cognita
819 1900 937 1938 caede
953 1914 1122 1947 suorum,
1142 1900 1381 1953 Domitiique

235 1970 276 2000 et
294 1963 490 2013 legionum
507 1962 676 1999 adventu
690 1961 928 2014 perterrituS,
948 1961 1150 2013 desperata
1163 1962 1300 2009 salute,
1316 1975 1383 2014 op·

235 2024 367 2075 pidum
388 2023 543 2069 (leserit,
566 2036 684 2075 seque
703 2023 801 2060 clam
823 2036 910 2060 cum
930 2024 1060 2074 paucis
1078 2024 1247 2063 barbaris
1266 2037 1384 2075 pecu-

234 2085 298 2122 nia
317 2090 477 2121 onustus
496 2083 688 2129 subducit,
707 2090 823 2134 atque
843 2083 879 2120 in
896 2096 1056 2133 regnum
1072 2083 1204 2134 sugere
1224 2092 1381 2122 conten-

236 2145 318 2189 dit;
347 2157 460 2195 quem
491 2144 663 2191 Gaetuli,
695 2143 752 2182 sui
772 2144 946 2190 comites,
980 2144 1017 2181 in
1038 2144 1188 2190 itinere,
1217 2147 1381 2196 praedae

235 2205 381 2256 cupidi,
410 2204 635 2251 concidunt,
655 2217 773 2256 seque
794 2205 830 2242 in
853 2218 1099 2257 quascunque
1118 2214 1277 2256 potuere
1297 2219 1383 2257 par-

234 2275 294 2304 tes
315 2265 531 2304 conferunt.
582 2266 626 2303 C.
646 2265 798 2303 interim
820 2266 1016 2316 Virgilius,
1036 2274 1252 2317 postquam,
1281 2275 1383 2304 terra

238 2326 407 2377 marique
428 2327 591 2374 clausus,
613 2340 652 2365 se
672 2327 765 2365 nihil
786 2328 972 2378 proficere
992 2327 1197 2374 intellexit,
1217 2340 1382 2378 suosque
