1472 2664
217 245 288 281 102
545 238 619 276 DE
655 238 834 276 BELLO
876 238 1043 277 CIVILI

214 343 437 395 tropolitum
457 356 543 381 cum
560 355 651 380 casu
671 342 990 393 Gomphensium,
1009 342 1114 379 nulla
1132 341 1352 379 Thessaliae

211 406 233 442 s
232 406 285 443 uit
300 405 446 450 civitas,
460 411 613 454 praeter
627 403 860 449 Larissaeos,
875 404 939 454 qui
954 404 1103 454 magnis
1119 403 1351 440 exercitibus

215 465 405 516 Scipionis
417 466 661 509 tenebantur,
677 465 768 515 quin
782 465 936 502 Caesari
950 472 1142 515 parerent,
1155 472 1271 514 atque
1285 464 1354 500 irn-

213 534 347 577 perata
363 526 549 563 facerent.
601 524 686 570 Ille,
706 525 848 575 segetis
863 524 1042 562 idoneum
1059 525 1185 562 locum
1201 525 1238 560 in
1254 524 1354 573 agris

213 594 363 632 nactus,
384 599 480 637 quae
495 598 614 636 prope
625 587 703 635 jam
719 593 868 622 matura
882 593 978 630 erat,
998 585 1048 621 ibi
1064 585 1268 622 adventum
1286 597 1354 622 ex-

213 655 389 698 spectare
409 647 596 696 Pompeii,
623 659 745 696 eoque
765 659 917 683 omnem
938 646 1124 683 rationein
1145 646 1236 683 belli
1264 658 1355 683 con-

214 708 330 753 ferre,
351 706 562 744 constituit.

265 767 472 804 LXXXII.
526 767 733 818 Pompeius
761 767 891 818 paucis
911 775 997 818 post
1016 768 1150 805 diebus
1170 769 1207 806 in
1235 769 1356 806 Thes-

214 829 345 866 saliam
364 828 552 878 pervenit‚
579 828 905 878 concionatusque
924 828 1026 878 apud
1045 837 1226 866 cunctum
1247 842 1356 866 exer-

216 890 333 926 citum
353 889 430 925 suis
449 888 528 939 agit
555 888 719 938 gratias3
748 888 937 938 Scipionis
956 888 1094 925 milites
1121 889 1356 935 cohortatur,

215 958 272 994 ut,
292 956 400 1000 parta
416 950 495 998 jam
515 948 689 993 victoria,
716 948 882 998 praedae
900 959 945 985 ac
964 948 1218 998 praemiorum
1236 948 1357 987 velint

219 1023 302 1047 esse
329 1010 558 1060 participes:
592 1009 834 1059 receptisque
862 1008 1038 1045 omnibus
1069 1009 1105 1045 in
1136 1022 1212 1046 una
1234 1017 1359 1047 castra

218 1071 431 1121 legionibus
445 1083 552 1106 suum
571 1083 656 1106 cuin
674 1069 854 1120 Scipione
869 1070 1054 1107 honorem
1069 1071 1245 1121 partitur,
1262 1071 1358 1108 clas-

216 1133 412 1182 sicumque
433 1131 534 1181 apud
553 1143 640 1167 euin
660 1130 760 1176 cani,
780 1138 818 1167 et
837 1131 998 1168 alterum
1018 1132 1194 1181 illijubet
1208 1140 1359 1182 praeto-

218 1194 315 1230 rium
337 1192 455 1230 tendi.
510 1191 650 1228 Auctis
669 1192 788 1241 copiis
804 1191 990 1242 Pompeii,
1011 1191 1236 1244 duobusque
1251 1206 1358 1244 mag-

217 1255 275 1291 nis
290 1253 525 1291 exercitibus
546 1251 775 1302 conjunctis,
795 1252 955 1302 pristina
969 1253 1138 1289 omnium
1159 1253 1360 1291 confirma-

218 1323 280 1352 tur
299 1314 442 1364 opinio,
476 1320 515 1349 et
535 1326 620 1362 spes
640 1313 821 1350 victoriae
841 1319 1003 1362 augetur
1023 1313 1134 1359 adeo,
1162 1321 1217 1360 ut,
1248 1313 1360 1364 quid-

218 1375 309 1425 quid
330 1373 587 1412 intercederet
607 1373 803 1423 temporiS‚
824 1373 862 1409 id
882 1374 1019 1410 morari
1040 1374 1204 1411 reditum
1224 1376 1261 1411 in
1281 1375 1359 1412 lta·

215 1436 304 1472 liam
325 1436 543 1477 videretur;
572 1443 624 1480 et,
652 1435 682 1471 si
704 1434 858 1484 quando
878 1435 969 1485 quid
988 1434 1195 1485 Pompeius
1215 1436 1359 1473 tardius

216 1504 281 1533 aut
301 1496 578 1534 consideratius
608 1496 766 1541 faceret,
796 1495 907 1531 unius
934 1508 1015 1532 esse
1043 1496 1238 1545 negotium
1267 1496 1361 1542 diei,

216 1558 284 1594 sed
303 1557 408 1594 illum
428 1557 611 1594 delectari
631 1556 805 1606 imperio,
825 1564 864 1593 et
892 1556 1110 1594 consulares
1130 1558 1359 1608 praetorios-

216 1632 290 1668 que
305 1631 499 1655 servorum
515 1618 656 1654 habere
672 1630 845 1663 numero,
865 1618 1051 1654 dicerent.
1080 1618 1244 1667 Jamque
1260 1617 1361 1655 inter

218 1692 259 1715 se
277 1679 400 1729 palam
421 1679 468 1715 de
489 1678 666 1728 praemiis
686 1691 730 1715 ac
751 1678 974 1716 sacerdotiis
994 1679 1293 1725 contendebant,
1320 1679 1360 1715 in

216 1752 412 1790 annosque
442 1739 683 1776 consulatum
712 1739 966 1782 definiebant;
994 1739 1054 1776 alii
1076 1739 1208 1776 domos
1241 1740 1360 1777 bona-

220 1813 294 1851 que
323 1813 469 1846 eorum,
500 1800 563 1849 qui
592 1800 630 1836 in
657 1799 789 1837 castris
808 1808 916 1837 erant
937 1800 1122 1845 Caesaris,
1151 1801 1359 1850 petebant:

217 1874 431 1911 magnaque
446 1861 546 1896 inter
561 1872 624 1897 eos
640 1860 677 1896 in
694 1860 852 1897 consilio
869 1860 939 1897 fuit
956 1862 1229 1906 controversia,
1249 1873 1361 1912 opor-

217 1929 366 1958 teretne
386 1921 431 1957 L.
452 1920 573 1965 Hirri,
602 1921 705 1970 quod
725 1921 754 1957 is
774 1934 795 1957 a
814 1920 998 1971 Pompeio
1019 1921 1067 1958 ad
1088 1920 1254 1958 Parthos
1273 1922 1361 1958 mis-

215 1994 278 2019 sus
297 1989 411 2026 esset,
445 1981 626 2031 proximis
647 1982 809 2018 comitiis
829 1982 1029 2031 praetoriis
1055 1982 1224 2018 absentis
1244 1982 1360 2020 ratio-

214 2055 301 2079 nem
321 2042 474 2082 haberi;
507 2055 623 2091 quum
643 2043 725 2091 ejus
745 2042 949 2079 necessarii
969 2042 1085 2079 fidem
1107 2042 1358 2092 implorarent

216 2102 403 2152 Pompeii,
426 2110 652 2151 praestaret,
673 2102 776 2152 quod
794 2102 1053 2152 proficiscenti
1069 2102 1291 2152 recepisset,
1312 2117 1360 2140 ne

214 2176 282 2213 per
301 2165 382 2211 ejus
401 2163 667 2199 auctoritatem
688 2163 874 2212 deceptus
893 2162 1108 2206 videretur;
1142 2163 1291 2213 reliqui,
1321 2164 1359 2200 in

216 2225 346 2261 labore
373 2222 518 2272 pariae
546 2223 732 2273 periculo,
758 2236 805 2260 nc
827 2236 922 2260 unus
953 2236 1084 2261 omnes
1110 2224 1360 2262 antecederet

220 2287 456 2321 recusarent.
