1472 2664
250 228 298 264 46
556 223 631 262 DE
671 223 850 262 BELLO
891 224 1058 264 CIVILI

245 327 450 365 adscensu.
503 327 633 373 Hane,
662 335 839 379 uterque,
866 328 897 366 si
929 328 1231 367 adversariorum
1259 329 1391 380 copiae

246 387 407 425 transire
427 395 672 434 conarentur,
700 390 966 440 exspectabat,
995 402 1070 440 quo
1088 389 1269 439 aequiore
1303 390 1390 428 loco
1440 395 1444 438 ᾗ

244 448 434 498 proelium
463 450 730 486 committeret.
789 449 909 487 Simul
940 450 990 487 ab
1018 449 1170 487 sinistro
1199 463 1319 488 cornu
1345 450 1391 488 P.

248 510 350 547 Attii
370 510 561 560 equitatus
581 511 717 555 omnis,
750 517 789 548 et
809 524 885 548 una
902 510 996 548 levis
1026 518 1242 548 armaturae
1274 510 1392 548 inter-
1442 502 1445 527 ³

243 571 339 620 jecti
359 571 588 621 complures,
610 585 724 622 quum
745 584 785 609 se
806 572 843 608 in
863 571 1000 608 vallem
1019 571 1280 616 demitterent,
1308 583 1390 610 cer·
1444 597 1446 615 ;

247 632 453 669 nebantur.
507 632 571 669 Ad
593 645 657 669 eos
677 633 795 670 Curio
816 633 1028 683 equitatum
1048 640 1086 670 et
1106 632 1201 670 duas
1234 631 1390 669 Marru-
1444 619 1447 664 f

244 692 424 730 -cinorum
445 693 624 730 cohortes
643 693 782 730 mittit:
822 706 985 744 quorum
1012 693 1176 743 primum
1209 692 1393 744 impetum
1446 692 1449 737 ζ

247 753 398 803 equites
417 753 584 790 hostium
604 767 680 791 non
698 754 883 799 tulerunt,
902 754 985 800 sed,
1005 753 1177 791 admissis
1197 753 1319 804 equis,
1346 754 1395 792 ad

249 825 338 850 suos
371 812 608 862 refugerunt.
663 813 804 850 Relicti
833 813 973 859 abhis,
1001 812 1066 863 qui
1086 815 1392 863 una‘procurre·

249 881 348 919 rant,
375 874 469 911 levis
487 882 701 912 armaturae
721 874 1118 911 circumveniebantur
1137 880 1253 923 atque
1273 873 1392 910 inter-

249 934 478 972 ficiebantur
513 935 560 972 ab
598 935 749 971 nostris.
802 934 895 971 Huc
928 941 1009 971 tota
1028 933 1121 971 Vari
1155 945 1338 971 conversa
1356 945 1395 971 a·

250 995 329 1032 cies
348 1007 437 1032 suos
455 995 591 1044 fugere
610 1002 650 1033 et
668 994 820 1032 concidi
852 995 1019 1032 videbat.
1087 994 1186 1031 Tum
1221 994 1395 1040 Rebilus,

250 1056 399 1106 legatus
420 1056 608 1102 Caesaris,
628 1069 741 1107 quem
763 1056 881 1094 Curio
899 1068 1031 1093 secum
1050 1069 1100 1093 ex
1122 1055 1250 1094 Sicilia
1269 1056 1391 1093 duxe-

250 1124 322 1163 rat,
352 1117 455 1167 quod
483 1129 664 1166 magnum
697 1116 839 1153 habere
860 1128 967 1153 usum
988 1117 1025 1153 in
1045 1128 1085 1153 re
1118 1116 1269 1154 militari
1298 1117 1396 1154 seie-

250 1177 329 1223 bat,
358 1177 625 1222 Pei-territum,
654 1177 791 1227 inquit,
819 1176 968 1214 hostem
987 1177 1108 1223 vides,
1131 1177 1273 1215 Curio:
1302 1177 1396 1228 quid

249 1239 402 1276 dubitas
430 1239 485 1276 uti
518 1238 699 1289 temporis
719 1238 1032 1288 opportunitate?
1064 1238 1147 1284 Ille,
1177 1250 1295 1275 unum
1315 1238 1392 1276 elo·

250 1307 377 1345 cutus,
407 1307 448 1336 ut
472 1299 657 1337 memoria
688 1307 865 1337 tenerent
897 1299 1037 1336 milites
1057 1311 1115 1343 ea,
1144 1311 1241 1349 quae
1272 1299 1394 1349 pridie

260 1361 332 1397 sibi
365 1360 668 1406 confirmassent,
709 1361 816 1410 sequi
855 1372 937 1397 sese
966 1360 1091 1409 jubet,
1120 1369 1158 1397 et
1177 1360 1393 1410 praecurrit

250 1429 339 1458 ante
373 1433 525 1458 omnes:
555 1420 729 1471 adeoque
750 1429 832 1458 erat
852 1421 1034 1471 impedita
1051 1420 1172 1466 vallis,
1210 1427 1251 1457 ut
1271 1422 1308 1457 in
1327 1421 1395 1458 ad-

250 1495 403 1528 scensu,
431 1482 502 1518 nisi
537 1481 723 1519 sublevati
743 1493 764 1519 a
783 1482 874 1527 suis,
901 1479 1015 1532 primi
1044 1495 1120 1519 non
1140 1481 1253 1519 facile
1272 1481 1394 1519 enite-

251 1551 395 1581 rentur.
463 1542 539 1580 Sed
559 1551 864 1593 praeoceupatus
883 1543 1032 1580 animus
1054 1543 1301 1579 Attianorum
1324 1543 1394 1579 mi·

251 1604 360 1641 litum
379 1603 529 1648 timore,
558 1610 596 1640 et
615 1603 707 1653 fuga
735 1611 775 1640 et
794 1604 912 1641 caede
943 1616 1111 1648 suorum,
1146 1603 1239 1640 nihil
1267 1603 1315 1640 de
1336 1615 1394 1640 re-

250 1663 421 1700 sistendo
454 1664 673 1713 cogitabat3
718 1677 928 1715 omnesque
952 1666 1031 1714 jam
1063 1677 1103 1701 se
1133 1664 1181 1701 ab
1218 1664 1392 1714 equitatu

251 1724 520 1761 clrcumveniri
538 1724 832 1762 arbitrabantur.
904 1725 1041 1775 Itaque
1059 1724 1178 1775 prius,
1205 1737 1319 1775 quam
1338 1732 1395 1762 te-

222 1788 227 1792 ”
250 1785 329 1822 lum
349 1785 464 1834 adjici
483 1792 627 1835 posset,
647 1793 712 1822 aut
732 1786 850 1823 nostri
871 1785 1027 1836 propius
1046 1785 1292 1831 accederent,
1313 1799 1394 1823 om-

250 1845 308 1882 nis
328 1845 420 1882 Vari
439 1846 541 1883 acies
559 1852 668 1895 terga
686 1845 814 1891 vertit,
842 1858 960 1896 seque
980 1845 1017 1882 in
1038 1853 1163 1883 eastra
1181 1845 1342 1896 recepit.

304 1906 467 1944 XXXV.
521 1908 607 1949 Qua
634 1906 672 1943 in
703 1906 795 1956 fuga
823 1906 975 1951 Fabius,
1010 1906 1192 1957 Pelignus
1225 1906 1394 1957 quidam,

251 1981 300 2005 ex
329 1968 468 2005 infimis
500 1967 697 2005 ordinibus
728 1967 776 2004 de
803 1967 978 2004 exercitu
1008 1967 1200 2013 Curionis,
1228 1967 1393 2018 primum

251 2041 389 2078 agmen
422 2028 650 2079 fugientium
684 2035 928 2074 consecutus,
956 2041 1094 2079 magna
1122 2041 1217 2066 voce
1248 2028 1394 2066 Varum

250 2090 403 2126 nomine
423 2090 618 2140 appellans
647 2090 866 2139 requirebat
885 2105 894 2133 ;
922 2090 977 2127 uti
1011 2103 1109 2127 unus
1129 2102 1210 2127 esse
1243 2102 1292 2127 ex
1312 2091 1395 2139 ejus

249 2150 446 2194 militibus,
475 2157 514 2186 et
533 2162 689 2188 monere
709 2149 853 2201 aliquid
877 2150 988 2197 velle,
1008 2163 1054 2188 ac
1074 2150 1216 2196 dicere,
1243 2150 1393 2187 videre-

251 2218 325 2248 tur.
371 2211 447 2249 Ubi
468 2209 543 2255 ille,
563 2210 713 2261 saepius
729 2210 956 2261 appellatus,
978 2211 1155 2262 adspexit
1175 2224 1220 2249 ac
1239 2210 1395 2256 restitit,

251 2278 304 2316 et,
331 2271 414 2321 quis
432 2277 546 2316 esset,
575 2277 641 2307 aut
673 2270 765 2320 quid
798 2271 927 2317 vellet,
955 2270 1162 2321 quaesivit;
1190 2271 1396 2309 humerum
