1472 2664
322 272 396 316 'DE
425 262 602 315 BELLo
630 272 791 315 ALEX.
818 263 994 314 LIBER.
1153 269 1224 318 137³

92 379 290 427 firmiores,-
321 388 363 418 ut
385 382 607 431 conjectura
626 380 808 431 consequi
827 390 1040 430 possumus,
1068 386 1134 417 aut
1159 380 1224 417 ad-

94 442 228 479 moniti
247 455 270 478 a
287 442 386 492 regis
400 442 545 487 amicis,
565 441 629 492 qui
644 442 682 478 in
697 441 871 479 Caesaris
889 447 998 478 erant
1016 440 1227 490 praesidiiS,

93 511 159 541 aut
177 515 245 539 suo
266 500 390 553 priore
410 502 568 539 consilio
586 515 656 553 per
672 502 847 539 occultos
863 501 1022 538 nuncios
1041 500 1121 550 regi
1142 514 1227 550 pro—

91 563 196 608 bato,
215 563 361 612 legatos
380 563 429 600 ad
449 560 650 600 Caesarem
665 563 863 607 miserunt,
882 568 925 598 ut
938 560 1149 598 dimitteret
1169 574 1228 597 re-

89 636 193 672 gem,
213 623 450 673 transireque
477 623 528 660 ad
553 636 642 660 suos
674 630 869 674 pateretur
884 637 893 660 ε
924 630 1095 673 paratam
1127 623 1229 660 enim

46 689 49 691 ’
92 696 243 720 omnem
263 683 544 721 multitudinem
566 696 662 730 esse,
682 683 899 721 confectam
917 683 1045 721 taedio
1065 683 1229 733 puellae,

90 743 289 781 fiducIario
316 756 451 794 regnO,
470 743 728 782 dominatione
747 743 1009 781 crudelissima
1036 742 1230 794 Ganyme-

89 803 163 849 dis,
196 803 325 841 facere
343 804 396 849 id,
433 804 537 854 quod
555 816 625 841 rex
644 803 890 854 imperasset:
929 816 1005 854 quo
1022 803 1052 840 si
1072 811 1231 842 auctore

88 863 129 900 in
156 865 330 902 Caesaris
355 865 469 902 fidem
500 864 782 915 amicitiamque
808 864 959 902 venturi
979 872 1119 910 essent,
1146 864 1230 902 nula

91 925 162 963 lius
181 925 342 976 periculi
361 926 535 964 timorem
562 924 799 963 multitudini
829 925 912 962 fore
942 925 1229 977 impedimento,

91 997 168 1034 quo
186 985 310 1022 minus
329 998 370 1022 se
388 985 587 1023 dederent.

143 1045 288 1082 XXIV,
334 1045 489 1091 Caesar,
516 1044 587 1083 etsi
611 1044 786 1083 fallacem
806 1053 976 1096 gentem,
1004 1059 1231 1098 semperque

93 1106 166 1144 alia
178 1106 426 1156 cogitantem,
439 1105 512 1143 alia
523 1105 777 1151 simulantem,
790 1107 888 1143 bene
904 1107 1097 1157 cognitam
1113 1108 1232 1145 habe-

89 1166 171 1211 bat,
199 1174 326 1203 tamen
345 1165 565 1216 petentibus
584 1166 675 1203 dare
694 1167 843 1203 veniam
863 1166 956 1204 utile
975 1180 1057 1205 esse
1076 1168 1231 1206 statuit:

92 1226 209 1276 quod,
242 1227 271 1264 si
293 1239 368 1277 quo
400 1232 514 1277 pacto
543 1226 730 1264 sentirent
761 1239 821 1272 ea,
853 1240 950 1278 quae
980 1228 1234 1277 postularent,

92 1299 312 1324 mansurum
331 1286 370 1323 in
389 1286 464 1324 fide
491 1286 686 1325 dimissum
717 1300 847 1337 regem
866 1288 1073 1333 credebat3
1098 1289 1170 1335 sin,
1194 1290 1232 1326 id

90 1348 195 1397 quod
225 1347 346 1397 magis
376 1347 527 1385 illorum
546 1355 704 1385 naturae
728 1348 994 1394 conveniebat,
1026 1349 1164 1387 ducem
1183 1351 1233 1388 ad

90 1409 230 1446 bellum
250 1408 461 1459 gerendum
491 1421 622 1459 regem
641 1409 782 1447 habere
814 1409 970 1456 vellent,
997 1410 1233 1461 splendidius

92 1477 209 1520 atque
228 1469 425 1506 honestius
439 1481 523 1507 sese
543 1477 679 1507 contra
693 1482 839 1518 regem,
858 1483 970 1521 quam
987 1478 1122 1509 contra
1139 1484 1232 1509 con-

91 1543 273 1568 venarum
288 1543 333 1567 ac
351 1529 598 1579 fugitivorum
618 1543 786 1576 manum,
817 1532 959 1569 bellum
989 1544 1072 1568 esse
1102 1539 1232 1583 gestu-

94 1605 190 1628 rum.
234 1590 370 1641 Itaque
391 1603 522 1640 regem
541 1591 778 1637 cohortatus,
810 1599 851 1628 ut
870 1591 1088 1630 consuleret
1112 1605 1232 1643 regno

92 1657 267 1700 pater110‚
286 1656 462 1699 parceret
478 1650 799 1699 praeclarissimae
814 1651 975 1701 patriae,
995 1665 1093 1702 quac
1112 1653 1233 1703 turpi-

94 1711 164 1747 bus
184 1709 368 1753 incendiis
388 1717 427 1747 et
447 1710 563 1747 ruinis
582 1718 682 1748 esset
694 1711 918 1758 deformata,
934 1713 1036 1750 cives
1050 1725 1138 1750 suos
1156 1713 1232 1763 pri-

93 1783 196 1814 mum
215 1770 264 1808 ad
283 1770 484 1808 sanitatem
505 1779 717 1816 revocaret,
744 1771 883 1809 deinde
915 1780 1170 1818 conservaret,
1190 1773 1233 1809 fi-

93 1831 180 1868 dem
207 1830 349 1880 populo
374 1830 549 1867 Romano
576 1830 723 1881 sibique
751 1838 974 1881 praestaret,
1003 1844 1119 1881 quum
1150 1832 1232 1882 ipse

91 1899 240 1928 tantum
258 1890 294 1927 ei
312 1891 502 1936 crederet,
531 1898 572 1928 ut
590 1891 639 1928 ad
657 1891 786 1928 hostes
805 1898 970 1928 armatos
987 1903 1076 1928 eum
1106 1892 1233 1930 mitte-

92 1957 166 1994 ret;
194 1950 332 1988 dextra
360 1951 536 1988 dextram
568 1958 716 1997 tenens,
735 1952 928 1989 dimittere
959 1954 1087 2003 coepit
1103 1953 1235 1992 adulta

35 2013 44 2021 '
87 2013 166 2061 jam
186 2019 313 2049 aetate
331 2023 505 2063 puerum.
543 2013 598 2050 At
613 2013 739 2062 regius
754 2012 916 2058 animus,
935 2013 1144 2064 disciplinis
1163 2015 1231 2052 fal-

92 2070 289 2110 lacissimis
303 2071 490 2119 eruditus,-
506 2086 552 2110 ne
565 2085 587 2110 a
598 2074 724 2124 gentis
737 2086 827 2111 suae
840 2074 1008 2111 moribus
1023 2074 1233 2124 degenera-

94 2140 168 2179 ret,
186 2133 283 2171 flens
301 2146 410 2171 orare
422 2134 557 2172 contra
571 2134 772 2172 Caesarem
790 2134 932 2185 coepit,
947 2148 995 2174 ne
1010 2147 1050 2173 se
1064 2135 1231 2174 dimitte-

95 2201 180 2231 ret:
208 2207 285 2231 non
304 2194 406 2231 enim
421 2207 582 2244 regnum
602 2195 722 2245 ipsum
738 2195 810 2233 sibi
829 2205 1039 2246 conspectu
1059 2197 1233 2234 Caesaris

94 2267 176 2292 esse
185 2255 408 2304 jucundius.
440 2255 677 2307 Compressis
690 2256 799 2307 pueri
810 2256 989 2303 lacrimis,
1002 2257 1156 2302 Caesar,
1174 2257 1232 2307 ip-

95 2327 136 2353 se
151 2323 376 2362 commotus,
390 2315 579 2364 celeriter,
593 2316 623 2354 si
636 2316 701 2354 illa
713 2317 886 2363 sentiret,
901 2316 984 2355 fore
998 2329 1085 2355 eum
1100 2329 1229 2355 secum

171 2374 280 2412 ΤοΜ.
307 2375 359 2412 ΙΙ.
688 2376 713 2412 S
