1472 2664
312 293 386 330 DE
415 292 591 330 BELLO
620 289 757 331 HISP.
786 288 963 330 LIBER.
1135 291 1211 331 ‘233'

75 390 203 445 pidum
224 396 455 433 contendere
471 409 481 432 t
499 396 709 446 mediisque
725 409 856 434 eorum
875 394 1070 446 praesidiis
1090 398 1208 445 quum'

73 462 331 504 quaereretur,
352 455 416 505 qui
436 463 574 501 essent,
595 468 692 493 unus
707 455 755 494 ex
771 456 908 493 nostris
922 452 1132 505 respondit,
1153 455 1208 492 Ut

71 515 179 552 sileat
197 516 352 553 verbum
370 515 496 552 facere
512 532 520 558 ;
547 529 633 553 nam
652 517 690 553 id
708 515 890 566 temporis
910 514 1040 553 conari
1058 515 1107 552 ad
1125 528 1206 551 mu-

73 588 154 611 rum
173 577 372 621 accedere,
392 583 432 613 ut
446 576 628 626 oppidum
643 577 806 625 capiant.
834 583 872 612 et
891 575 1027 624 partim
1042 582 1207 625 tempes-

72 643 150 673 tate
169 636 340 686 impediti
356 637 488 686 vigiles
503 649 579 673 non
595 643 771 686 poterant
785 635 1019 684 diligentiam
1039 642 1208 685 praesta·

73 709 127 741 re,
141 697 278 746 partim
294 697 357 733 illo
378 709 558 746 responso
571 695 875 732 deterrebantur.
913 696 1040 735 Quum
1054 695 1102 731 ad
1121 708 1208 744 por-

71 765 147 793 tam
167 757 548 807 appropinquassent,
580 757 690 806 signo
709 756 813 801 dato,
833 756 879 792 ab
900 754 1100 804 oppidanis
1118 763 1206 792 sunt

71 817 240 867 recepti;
273 825 311 854 et
330 817 478 867 pedites
498 817 738 867 equitesque,
758 816 924 853 clamore
942 814 1059 860 farem,
1079 815 1209 865 dispo-

71 877 152 915 sitis
171 878 222 914 ibi
241 878 391 927 partim,
411 877 476 927 qui
501 889 730 922 remansere,
750 875 990 926 eruptionem
1010 875 1048 912 in
1073 875 1208 913 adver·

72 937 255 975 sariorum
271 945 396 975 castra
415 937 602 974 fecerunt.
640 937 703 974 Sic
718 936 811 974 illud
826 949 942 986 quum
958 936 1206 973 inscientibus

70 998 286 1044 accidisset,
316 999 558 1035 existimabat
576 1011 715 1048 magna
733 1010 818 1048 pars
836 997 1046 1043 hominum,
1077 997 1141 1047 qui
1170 997 1210 1034 in¹

70 1059 115 1096 iis
134 1059 266 1096 castris
286 1059 460 1104 fuissent,
479 1072 519 1096 se
539 1071 659 1109 prope
679 1065 811 1108 captos
830 1070 925 1096 esse.

119 1119 189 1156 lV.
228 1119 315 1157 Hoc
330 1120 443 1156 misso
457 1119 505 1156 ad
522 1119 648 1156 Uliam
662 1118 864 1168 praesidio,
881 1117 1022 1155 Caesar
1037 1124 1078 1154 ut
1094 1117 1207 1155 Pom-

68 1180 194 1229 peium
223 1180 270 1216 ab
291 1193 336 1217 ea
355 1179 640 1230 oppugnatione
666 1179 889 1223 deduceret,
920 1178 969 1215 ad
989 1178 1207 1216 Cordubam

69 1239 290 1277 contendit:
328 1253 375 1277 ex
396 1253 470 1290 quo
489 1240 624 1276 itinere
651 1239 829 1276 loricatos
857 1238 954 1276 viros
982 1239 1100 1276 fortes
1120 1248 1211 1276 cum·

69 1300 240 1349 equitatu
254 1308 344 1338 ante
363 1300 576 1350 praemisit;
594 1299 672 1350 qui,
692 1299 802 1336 simul
818 1299 855 1335 in
875 1306 1124 1349 conspectum
1139 1313 1207 1350 op-

66 1360 146 1410 pidi
165 1373 204 1396 se
224 1361 426 1405 dederunt,
459 1360 498 1396 in
517 1360 624 1410 equis
652 1360 899 1410 recipiuntur.
954 1360 1043 1397 Hoc
1062 1373 1085 1397 a
1113 1361 1208 1398 Cor-

67 1420 297 1458 dubensibus
316 1420 555 1472 nequaquam
574 1428 725 1471 poterat
744 1421 1006 1458 animadverti.
1052 1427 1206 1473 Appro-

67 1481 353 1531 pinquantibus,
374 1494 424 1518 ex
443 1482 582 1533 oppido
600 1482 699 1519 bene
719 1494 858 1530 magna
876 1482 1081 1520 multitudo
1100 1483 1149 1520 ad
1167 1496 1207 1520 e-

67 1542 256 1591 quitatum
284 1542 566 1580 concidendum
594 1554 710 1592 quum
742 1544 940 1586 exissent3
968 1543 1129 1588 loricati,
1164 1551 1208 1581 ut

66 1614 181 1651 supra
199 1603 432 1653 scripsimus,
459 1615 507 1640 ex
527 1603 633 1653 equis
652 1602 947 1648 descenderunt,
966 1610 1005 1641 et
1024 1616 1203 1654 magnum

65 1663 250 1712 proelium
268 1663 457 1709 fecerunt,
476 1664 531 1700 sic
552 1663 605 1700 uti
625 1676 674 1700 ex
694 1663 843 1700 infinita
861 1663 1056 1701 hominum
1076 1665 1205 1701 multi-

66 1723 198 1760 tudine
225 1723 337 1774 pauci
357 1724 394 1760 in
415 1723 601 1774 oppidum⁴
616 1736 656 1760 se
676 1723 904 1773 reciperent.
951 1724 1040 1762 Hoc
1068 1725 1205 1762 timore

67 1782 268 1827 adductus,
289 1783 430 1821 Sextus
450 1784 654 1833 Pompeius
673 1783 800 1821 literas
818 1784 925 1822 fratri
943 1785 1058 1831 misit,
1079 1793 1120 1823 ut
1140 1798 1204 1824 ce-

64 1844 193 1882 leriter
211 1845 282 1882 sibi
309 1845 476 1882 subsidio
503 1845 665 1890 veniret,
693 1858 741 1882 ne
761 1845 864 1895 prius
883 1846 1025 1883 Caesar
1056 1847 1204 1884 Cordu-

65 1905 152 1942 bam
171 1914 340 1954 caperet‚
369 1918 482 1954 quam
503 1905 582 1956 ipse
602 1905 666 1941 illo
686 1906 864 1942 venisset.
919 1905 978 1943 Ita
997 1907 1068 1944 Cn.
1091 1907 1203 1944 Pom-

64 1965 186 2016 peius,
201 1964 290 2003 Ulia
304 1978 420 2015 prope
436 1973 561 2016 capta,
579 1965 698 2002 literis
712 1965 839 2003 fratris
854 1966 1018 2013 excitus,
1038 1980 1125 2004 cum
1142 1980 1204 2005 co-

65 2026 137 2076 piis
156 2026 205 2063 ad
224 2025 441 2063 Cordubam
461 2026 532 2063 iter
552 2026 679 2064 facere
699 2027 838 2077 coepit.

117 2086 164 2123 V.
218 2087 370 2132 Caesar,
401 2098 517 2138 quum
539 2087 587 2124 ad
605 2087 747 2125 flumen
768 2087 916 2126 Baetim
934 2088 1114 2136 venisset,
1137 2103 1203 2128 ne-

65 2158 140 2199 que
158 2156 315 2198 propter
333 2148 572 2185 altitudinem
599 2147 764 2185 fluminis
789 2150 949 2186 transire
977 2158 1119 2200 posset,
1150 2152 1204 2189 la-

65 2208 217 2258 pidibus
233 2209 367 2246 corbes
386 2209 519 2259 plenos
538 2209 689 2246 demisit
701 2221 717 2246 :·
739 2209 804 2256 ita,
824 2211 979 2261 insuper
992 2218 1109 2261 ponte
1125 2211 1203 2248 fae·

65 2274 120 2312 to,
147 2267 276 2318 copias
294 2268 344 2305 ad
363 2276 486 2306 castra
504 2269 694 2320 tripartito
719 2270 949 2308 transduxit.
1002 2270 1204 2309 Tenebant

65 2327 243 2365 adversus
273 2329 453 2380 oppidum
480 2342 502 2367 e
529 2329 687 2380 reg10ne
717 2331 844 2381 pontis
863 2332 1002 2378 trabes,
1031 2340 1071 2368 ut
1091 2344 1204 2383 supra

139 2387 248 2426 Tou.
275 2388 327 2426 ΙΙ.
583 2390 621 2429 G
645 2404 672 2441 g
