1472 2664
263 262 338 303 DE
365 263 542 303 BELLO
571 265 746 304 AFRIC.
773 263 950 303 LIBER.
1107 267 1179 307 177

50 366 129 417 ipse
157 379 242 404 cum
274 367 457 418 expedita
486 380 601 405 manu
627 367 881 418 proficiscitur
900 367 1043 404 circum
1070 367 1175 404 villas

46 427 342 470 frumentatum;
381 425 655 477 oppidanisque
675 427 851 477 imperat,
877 435 919 464 ut
936 427 1104 477 plaustra
1117 429 1179 476 ju-

45 493 247 536 mentaque
267 486 394 524 omnia
412 493 630 536 sequantur.
693 486 828 536 Itaque
842 498 980 536 magno
998 485 1178 523 frumenti

45 546 198 584 invento
217 559 389 592 numero,
416 546 626 596 Ruspinam
647 545 757 583 redit.
810 546 900 583 Hoc
927 558 1014 583 eum
1033 545 1177 583 idcirco

45 606 219 645 existimo
237 607 386 650 fecisse..
414 615 456 645 ut
470 607 659 644 maritima
670 606 809 659 oppida
827 613 912 656 post
930 618 970 643 se
990 619 1038 643 ne
1056 618 1177 644 vacua

43 665 287 717 relinqueret,
319 666 583 718 praesidioque
602 666 751 704 firmata
768 666 817 703 ad
835 666 983 704 classim
1003 674 1175 718 recepta-

45 723 131 761 cula
148 724 326 762 muniret.
927 774 933 779 .

92 784 141 821 X.
178 784 327 834 Itaque,
348 784 400 821 ibi
411 784 545 822 relicto
559 783 602 821 P.
623 783 798 831 Saserna,
815 783 933 822 fratre
948 787 1042 835 ejus,
1061 798 1175 835 quem

41 843 154 894 Lepti
172 844 346 894 proximo
366 844 506 895 oppido
525 844 743 894 reliquerat,
763 857 851 882 cum
878 846 1044 895 legione,
1064 846 1176 895 jubet

38 904 269 954 comportari
288 904 390 954 ligna
405 905 443 941 iu
462 905 643 955 oppidum
660 917 772 954 quam
787 905 970 954 plurima:
990 906 1070 956 ipse
1085 918 1175 942 cum

38 964 260 1003 cohortibus
280 977 357 1011 vn,
378 978 474 1016 quae
487 978 537 1002 ex
556 966 744 1003 veteranis
763 965 977 1015 legionibus
996 967 1033 1003 in
1054 967 1175 1004 classe

38 1037 125 1062 cum
159 1025 327 1075 Sulpicio
357 1033 396 1063 et
415 1025 569 1062 Vatinio
600 1038 679 1062 rem
709 1026 919 1076 gesserant,
951 1040 1001 1064 ex
1032 1028 1174 1077 oppido

38 1084 211 1136 Ruspina
230 1098 418 1135 egressus,
447 1085 700 1136 proficiscitur
718 1086 766 1122 ad
785 1094 950 1136 portum,
984 1087 1048 1137 qui
1067 1088 1174 1126 abest

36 1144 83 1181 ab
103 1145 245 1195 oppido
270 1145 388 1182 millia
405 1158 583 1195 passuum
602 1159 650 1190 ιι,
671 1146 798 1196 ibique
817 1146 976 1184 classem
1002 1147 1072 1184 sub
1090 1160 1174 1184 ves-

37 1216 171 1254 perum
187 1218 272 1242 cum
291 1217 335 1242 ea
354 1205 464 1256 copia
479 1205 717 1243 conscendit.
770 1206 957 1244 Omnibus
973 1206 1011 1243 in
1025 1207 1173 1245 exerci-

38 1271 79 1301 tu
92 1264 232 1310 insciis,
246 1272 285 1302 et
298 1265 578 1315 requirentibus
592 1266 829 1316 imperatoris
841 1266 1054 1312 consilium,
1067 1279 1172 1316 mag-

35 1336 85 1361 no
111 1331 215 1362 metu
244 1338 289 1363 ac
310 1325 536 1363 tristimonia
554 1325 869 1364 sollicitabantur.
923 1327 1045 1364 Parva
1071 1328 1174 1365 enim

38 1397 124 1422 cum
145 1385 266 1436 copia,
287 1393 326 1422 et
344 1397 390 1423 ea
405 1386 583 1431 tironum,
598 1398 723 1437 neque
738 1387 840 1425 omni
855 1387 1042 1438 exposita,
1062 1387 1099 1424 in
1116 1389 1172 1426 A·

34 1443 131 1482 frica
157 1453 291 1483 contra
327 1458 481 1496 magnas
518 1447 660 1497 copias,
695 1454 735 1484 et
767 1447 967 1485 insidiosae
994 1447 1171 1493 nationis,

36 1504 323 1556 equitatumque
342 1506 670 1552 innumerabilem,
687 1519 729 1544 se
753 1507 948 1557 expositos
965 1507 1146 1546 videbant
1161 1522 1171 1545 ι

34 1577 158 1615 neque
179 1566 383 1616 quidquam
403 1566 525 1604 solatii
546 1566 582 1602 in
602 1567 829 1616 praesentia,
848 1580 973 1618 neque
988 1569 1171 1607 auxilium

35 1624 73 1661 in
89 1638 245 1662 suorum
261 1626 434 1672 consilio,
454 1626 816 1671 animadvertebant,
831 1627 902 1664 nisi
918 1628 956 1664 in
972 1628 1086 1679 ipsius
1101 1629 1170 1667 im-

35 1686 220 1734 peratoris
236 1685 356 1731 vultu,
369 1685 514 1735 vigore,
528 1686 764 1736 mirabilique
776 1687 985 1731 hilaritate3
1003 1689 1170 1726 animum

37 1744 138 1782 enim
157 1745 275 1783 altum
295 1754 334 1783 et
347 1753 518 1783 erectum
533 1758 624 1795 prae
639 1759 679 1783 se
694 1747 863 1795 gerebat.
917 1747 1022 1785 Huic
1040 1749 1169 1800 acqui-

36 1806 216 1843 escebant
235 1806 420 1851 homines,
448 1813 488 1842 et
506 1806 544 1842 in
564 1807 645 1854 ejus
663 1806 824 1844 scientia
841 1814 880 1844 et
904 1808 1062 1845 consilio
1090 1822 1169 1846 om-

33 1864 96 1902 nia
113 1865 183 1903 sibi
201 1865 383 1916 proclivia
402 1878 534 1903 omnes
552 1865 633 1903 sore
659 1867 872 1917 sperabant.

84 1924 153 1962 XI.
207 1925 362 1972 Caesar,
381 1938 456 1963 una
483 1934 600 1963 nocte
620 1926 657 1963 in
672 1926 829 1964 navibus
849 1936 1062 1975 consumta,
1090 1931 1169 1980 jam

34 1984 142 2022 coelo
161 1985 327 2033 albente,
351 1999 468 2037 quum
486 1986 675 2036 proficisci
690 1995 906 2033 conaretur,
925 1990 1050 2027 subito
1065 1991 1169 2028 navi-

34 2057 98 2082 um
116 2057 218 2095 pars,
247 2045 295 2083 de
322 2058 397 2097 qua
415 2046 588 2093 timebat,
616 2060 666 2084 ex
685 2060 814 2087 errore
840 2048 976 2086 eodem
994 2050 1168 2089 confere-

34 2104 157 2142 batur.
210 2105 298 2144 Hac
324 2119 365 2143 re
392 2107 561 2157 cognita,
589 2108 731 2145 Caesar
749 2109 926 2149 celeriter
944 2109 992 2147 de
1010 2111 1168 2149 navibus

34 2164 196 2216 imperat
215 2179 345 2204 omnes
373 2167 517 2218 egredi,
542 2175 656 2218 atque
683 2176 847 2207 armatos
866 2169 903 2206 in
924 2169 1052 2208 littore
1079 2171 1167 2208 reli-

33 2238 131 2276 quos
161 2226 406 2265 advenientes
432 2228 570 2266 milites
597 2236 834 2280 exspectare.
896 2230 1046 2281 Itaque,
1085 2232 1168 2270 sine

34 2298 139 2324 mora
156 2287 313 2324 navibus
330 2287 440 2330 eisin
456 2295 607 2339 portum
626 2290 804 2341 receptiS,
824 2296 863 2329 et
881 2291 1049 2329 advectis
1067 2288 1165 2328 niili-

113 2345 222 2384 ΤοΜ.
247 2346 300 2384 ΙΙ.
614 2348 645 2385 Ζ
