1472 2664
235 250 306 288 158
667 248 719 285 A.
759 247 938 287 HIRTII

226 348 384 388 arcessit
403 362 549 395 omnes,
577 350 640 401 qui
661 351 732 389 sibi
756 352 939 402 pecunias
969 363 1159 403 expensas
1190 352 1372 399 tulerant,

223 418 404 462 acceptas
423 425 497 461 que
517 424 580 448 eas
594 413 708 462 jubet
722 412 855 451 referri
871 425 880 449 :
909 413 1046 464 quibus
1062 426 1197 464 parum
1216 414 1371 453 videba-

223 479 286 508 tur
312 472 538 523 imposuisse
557 473 697 519 oneris,
726 474 948 525 ampliorem
969 474 1170 524 pecuniam
1198 474 1372 526 imperat.

225 533 365 583 Aeque
399 539 527 570 autem
560 533 823 571 Romanorum
843 534 1027 572 dilectum
1046 534 1235 579 instituit3
1262 547 1373 585 quos,

224 606 274 630 ex
321 594 497 631 omnibus
541 595 795 632 conventibus
839 594 1076 645 coloniisque
1121 594 1373 646 conscriptos,

223 654 475 692 transmarina
490 655 623 693 militia
642 656 884 706 perterritos,
904 655 950 692 ad
972 654 1200 692 sacramenti
1220 655 1371 692 redem-

224 715 368 753 tionem
383 717 560 754 vocabat.
615 717 803 767 Magnum
841 717 915 754 hoc
936 716 1007 753 suit
1037 715 1218 765 vectigal,
1251 717 1373 765 majus

224 782 352 812 tamen
385 777 541 814 creabat
573 777 718 814 odium.
773 777 847 814 His
876 778 991 814 rebus
1012 775 1213 823 confectis,
1249 784 1373 814 totum

223 836 438 874 exercitum
458 838 605 875 lustrat.
676 837 885 888 Legiones,
915 849 1008 888 quas
1027 837 1065 873 in
1086 836 1260 874 Africam
1280 838 1373 875 duc-

223 905 331 934 turus
350 906 445 944 erat,
466 907 505 936 et
520 899 663 936 auxilia
682 899 801 936 mittit
819 898 867 935 ad
887 900 1114 948 trajectum:
1162 897 1257 948 ipse,
1278 899 1373 936 clas-

222 970 318 1003 sem,
346 971 459 1008 quam
479 960 652 1010 parabat,
680 967 721 996 ut
742 959 963 1010 inspiceret,
993 957 1186 1008 Hispalim
1205 959 1373 1004 accedit,

223 1018 352 1069 ibique
368 1027 562 1063 moratum
581 1028 788 1071 propterea
803 1020 908 1071 quod
927 1020 1096 1057 edictum
1117 1026 1200 1057 tota
1216 1020 1373 1069 provin-

223 1080 284 1117 cia
303 1088 567 1130 proposuerat,
602 1088 657 1127 ut,
677 1081 816 1131 quibus
836 1080 1020 1131 pecunias
1039 1080 1279 1130 imperasset,
1306 1093 1374 1118 ne-

223 1152 299 1190 que
331 1140 597 1186 contulissent,
628 1153 668 1177 se
701 1141 862 1179 adirent.
916 1143 1025 1184 Quae
1057 1141 1232 1179 evocatio
1259 1141 1375 1179 vehe-

222 1207 373 1238 menter
393 1214 525 1238 omnes
545 1202 725 1238 turbavit.

274 1261 402 1298 LVII.
456 1261 615 1299 Interim
638 1262 683 1299 L.
703 1262 843 1308 Titius,
881 1262 945 1313 qui
967 1275 1013 1299 eo
1047 1270 1222 1313 tempore
1254 1262 1374 1300 tribu-

221 1335 293 1360 nus
312 1323 473 1359 militum
496 1323 534 1359 in
563 1323 715 1373 legione
735 1324 943 1361 vernacula
960 1322 1101 1369 fuerat,
1131 1323 1290 1362 nunciat
1317 1324 1373 1362 fa-

221 1396 298 1430 ma,
332 1384 522 1434 legionem
557 1397 654 1430 xxx,
695 1397 809 1435 quam
838 1386 886 1427 Q.
907 1385 1061 1423 Cassius
1080 1385 1231 1435 legatus
1262 1386 1375 1423 simul

222 1444 404 1490 ducebat,
442 1459 558 1496 quum
578 1446 628 1482 ad
661 1446 845 1496 oppidum
866 1445 1021 1496 Leptim
1053 1453 1179 1484 castra
1198 1445 1373 1494 haberet,

223 1507 413 1544 seditione
428 1507 545 1553 facta,
566 1507 859 1544 centurionibus
878 1506 1026 1558 aliquot
1046 1506 1196 1552 occisis,
1213 1506 1278 1557 qui
1298 1507 1375 1558 sig-

221 1580 273 1605 na
291 1568 372 1605 tolli
393 1581 470 1605 non
485 1569 743 1620 patiebantur,
759 1568 994 1614 discessisse,
1010 1575 1050 1605 et
1061 1568 1111 1606 ad
1131 1579 1164 1605 11
1181 1568 1374 1619 legionem

223 1629 484 1676 contendisse,
522 1642 620 1680 quae
639 1629 688 1667 ad
715 1629 857 1667 fretum
886 1630 960 1667 alio
989 1629 1126 1667 itinere
1145 1630 1375 1668 ducebatur.

224 1689 393 1740 Cognita
407 1703 463 1735 re,
483 1698 601 1728 noctu
617 1703 703 1728 cum
725 1702 752 1727 v
772 1690 996 1728 cohortibus
1017 1690 1373 1729 undevicesimano·

221 1763 306 1787 rum
339 1752 552 1801 egreditur,
589 1763 700 1788 mane
733 1751 920 1801 pervenit.
971 1751 1031 1788 Ibi
1065 1764 1153 1788 eum
1173 1751 1289 1799 diem,
1317 1761 1375 1800 ut,

222 1812 314 1863 quid
333 1825 527 1863 ageretur,
548 1814 799 1864 perspiceret,
826 1820 1010 1858 moratus,
1032 1814 1262 1851 Carmonam
1283 1827 1375 1852 con-

221 1874 358 1911 tendit.
425 1874 518 1920 Hic,
553 1888 671 1926 quum
704 1874 806 1924 legio
832 1887 930 1920 xxx,
959 1883 997 1911 et
1018 1886 1105 1920 xx1,
1135 1883 1174 1912 et
1194 1875 1373 1914 cohortes

221 1946 261 1971 1v
281 1947 330 1972 ex
351 1947 379 1971 v
410 1934 578 1986 legione,
606 1942 788 1985 totusque
808 1935 1050 1973 convenisset
1069 1936 1276 1986 equitatus,
1306 1949 1371 1974 au-

221 1995 278 2032 dit
301 2008 345 2032 ιν
365 1996 560 2042 cohortes,
581 2009 603 2033 a
617 1996 832 2034 vernaculis
852 2009 1053 2047 oppressas
1073 1997 1121 2034 ad
1141 1996 1374 2044 Obuculam,

220 2069 308 2094 cum
341 2057 399 2094 his
430 2057 480 2094 ad
509 2057 719 2095 secundam
739 2058 959 2108 pervenisse
977 2057 1184 2107 legionem,
1219 2071 1371 2096 omnes-

220 2130 295 2169 que
328 2118 380 2155 ibi
407 2131 448 2155 se
468 2118 730 2168 conjunxisse,
750 2125 790 2155 et
811 2118 856 2155 T.
877 2118 1076 2164 Thorium,
1109 2118 1370 2165 Italicensem,

219 2179 358 2216 ducem
389 2179 590 2229 delegisse.
645 2179 834 2218 Celeriter
852 2179 984 2217 habito
1004 2181 1179 2227 consilio,
1202 2181 1369 2219 Marcel-

220 2240 299 2277 lum
335 2240 570 2286 Cordubam,
608 2247 651 2278 ut
683 2253 766 2277 eam
787 2241 824 2277 in
861 2248 1053 2291 potestate
1088 2242 1286 2288 retineret,
1324 2243 1374 2284 Q.

220 2300 395 2340 Cassium
423 2301 591 2352 legatum
626 2301 817 2353 Hispalim
838 2302 968 2340 mittit.
1022 2302 1162 2341 Paucis
1181 2303 1215 2342 ei
1235 2303 1371 2342 diebus
