1472 2664
186 244 256 279 154
618 241 669 277 A.
711 240 890 278 HIRTII

184 343 421 382 conscientia
433 356 515 390 sua,
535 356 652 394 quum
668 344 716 382 de
732 356 772 382 se
787 350 922 381 mutuo
935 343 1079 380 sentire
1093 343 1326 394 provinciam

181 405 373 451 crederet,
400 404 460 442 vel
479 404 608 442 multis
627 404 760 455 signis,
788 411 828 442 et
846 403 1075 441 testimoniis
1094 416 1241 449 eorum,
1262 403 1328 454 qui

182 466 386 505 difficulter
405 465 492 503 odia
509 465 812 512 dissimulabant,
831 465 1135 503 animadvertere
1152 472 1328 516 poterat3

182 536 223 566 et
241 540 491 579 compensare
510 527 759 564 offensionem
777 526 997 578 provinciae
1017 527 1212 564 exercitus
1226 539 1329 564 amo-

182 602 224 627 re
243 589 436 640 cupiebat.
491 588 643 639 Itaque,
676 602 792 639 quum
812 588 974 639 primum
997 588 1035 624 in
1055 601 1173 625 unum
1200 587 1328 626 locum

183 651 399 697 exercitum
418 649 620 696 conduxit,
646 650 716 687 HS
736 658 921 687 centenos
940 649 1127 686 militibus
1145 656 1204 686 est
1222 649 1331 700 polli-

185 711 306 749 citus:
335 723 409 749 nec
428 710 550 748 multo
570 718 670 761 post,
703 724 820 761 quum
841 710 879 747 in
899 710 1100 748 Lusitania
1119 710 1330 748 Medobre-

182 784 272 822 gam
290 771 490 822 oppidum,
510 778 758 821 montemque
775 769 1034 814 Herminium,
1054 771 1331 821 expugnasset,

184 844 262 882 quo
295 831 628 882 Medobregenses
656 831 926 882 confugerant,
958 830 1088 882 ibique
1122 831 1330 882 imperator

187 898 292 928 esset
310 891 538 942 appellatus,
559 890 630 929 HS
651 891 825 929 centenis
843 891 983 928 milites
998 891 1168 929 donavit.
1205 891 1334 929 Multa

183 958 383 1003 praeterea
394 959 435 990 et
448 965 588 1003 magna
600 951 770 1003 praemia
783 952 943 1002 singulis
959 951 1212 1000 concedebat,
1233 965 1331 1004 quae

183 1012 403 1063 speciosum
422 1013 638 1052 reddebant
665 1023 908 1065 praesentem
927 1013 1122 1052 exercitus
1141 1027 1335 1059 amorem3

181 1073 380 1124 paullatim
399 1080 529 1112 tamen
557 1081 597 1111 et
616 1075 771 1113 occulte
790 1074 994 1112 militarem
1013 1074 1253 1125 disciplinam
1272 1087 1332 1114 se-

184 1134 462 1185 veritatemque
483 1135 719 1172 minuebant.

238 1196 386 1235 XLIX.
440 1196 609 1243 Cassius,
637 1196 854 1247 legionibus
881 1195 919 1233 in
947 1195 1109 1234 hiberna
1126 1197 1334 1248 dispositis,

184 1258 236 1296 ad
261 1260 325 1308 jus
344 1258 553 1297 dicendum
582 1258 802 1297 Cordubam
821 1271 862 1296 se
881 1258 1044 1310 recepit,
1075 1267 1336 1299 contractum-

185 1333 262 1370 que
280 1319 319 1357 in
339 1332 386 1357 ea
403 1333 468 1358 aes
486 1320 654 1358 alienum
672 1319 903 1370 gravissimis
917 1319 1099 1358 oneribus
1117 1321 1338 1370 provinciae

186 1379 391 1419 constituit
410 1381 634 1425 exsolvere3
661 1388 715 1427 et,
744 1388 786 1418 ut
804 1380 1018 1431 largitionis
1047 1381 1216 1432 postulat
1244 1395 1336 1421 con-

186 1442 365 1489 suetudo,
383 1456 452 1494 per
468 1455 641 1481 caussam
655 1441 895 1480 liberalitatis
909 1442 1123 1493 speciosam
1138 1443 1249 1494 plura
1262 1444 1337 1482 lar·

185 1503 303 1554 gitori
316 1504 615 1555 quaerebantur,
628 1503 816 1555 pecuniae
828 1503 1085 1554 locupletibus
1097 1503 1338 1556 imperaban-

186 1568 268 1606 tur;
288 1575 383 1613 quas
397 1563 598 1613 Longinus
613 1562 684 1601 sibi
703 1575 892 1614 expensas
906 1563 998 1602 ferri
1012 1576 1090 1601 non
1105 1571 1255 1603 tantum
1271 1579 1336 1617 pa-

187 1622 371 1669 tiebatur,
391 1623 460 1661 sed
479 1623 595 1661 etiam
613 1624 792 1674 cogebat.
845 1623 892 1660 In
912 1636 1069 1674 gregem
1085 1624 1335 1676 locupletium

188 1683 425 1722 simultatum
445 1696 604 1722 caussae
623 1691 759 1722 tenues
779 1684 1105 1734 conjiciebantur:
1134 1697 1261 1736 neque
1281 1686 1338 1724 ul-

188 1744 266 1781 lum
287 1758 410 1795 genus
425 1752 621 1796 quaestus,
639 1752 706 1783 aut
724 1745 853 1796 magni
868 1753 906 1783 et
921 1745 1122 1792 evidentis,
1141 1753 1207 1784 aut
1226 1747 1337 1784 mini-

189 1806 242 1842 mi
262 1814 302 1843 et
320 1806 478 1852 sordidi,
498 1806 890 1857 praetermittebatur,
910 1819 986 1857 quo
1005 1806 1141 1843 domus
1160 1814 1199 1844 et
1218 1807 1337 1845 tribu-

189 1865 252 1902 nal
279 1865 520 1917 imperatoris
539 1874 707 1905 vacaret.
761 1867 887 1905 Nemo
916 1874 1013 1913 erat,
1044 1867 1108 1918 qui
1136 1869 1252 1907 modo
1270 1870 1339 1907 ali-

190 1939 304 1976 quam
320 1929 511 1977 jacturam
530 1927 659 1966 facere
677 1936 822 1979 posset,
851 1929 942 1980 quin
961 1936 1028 1967 aut
1045 1929 1262 1968 vadimonio
1283 1938 1339 1969 te-

189 1996 361 2033 neretur,
381 1996 448 2026 aut
462 1988 501 2025 in
516 2001 602 2027 reos
620 1988 842 2027 referretur.
894 1989 955 2028 Ita
974 2002 1114 2041 magna
1131 1991 1245 2030 etiam
1265 1993 1340 2030 sol·

191 2048 353 2086 licitudo
368 2049 630 2099 periculorum
649 2050 698 2088 ad
711 2051 883 2100 jacturas
902 2058 942 2090 et
961 2051 1193 2090 detrimenta
1211 2053 1266 2091 rei
1286 2053 1341 2091 fa-

190 2109 348 2146 miliaris
368 2110 665 2160 adjungebatur.

241 2169 289 2207 L.
343 2171 494 2211 Quibus
513 2171 560 2208 de
582 2171 725 2209 caussis
745 2173 902 2220 accidit,
922 2181 978 2219 ut,
1003 2166 1120 2225 quu‘m
1139 2174 1341 2226 Longinus

189 2232 399 2283 imperator
418 2232 553 2270 eadem
569 2232 730 2280 faceret,
750 2246 849 2285 quae
863 2234 1011 2273 fecerat
1025 2243 1220 2286 quaestor,
1238 2237 1343 2275 simi-

190 2292 242 2331 lia
259 2305 390 2331 rursus
409 2293 458 2333 de
477 2300 601 2332 morte
621 2295 704 2345 ejus
728 2293 984 2346 provinciales
1010 2294 1170 2334 consilia
1189 2295 1341 2339 inirent.
