1472 2664
215 273 266 308 62
523 271 596 309 DE
636 271 813 310 BELLO
854 272 1021 311 CIVILI

218 381 460 424 cogerentur,
481 375 591 412 sicuti
613 376 800 426 reliquum
819 383 1088 421 commeatum,
1109 376 1160 414 ita
1178 376 1281 426 ligna
1299 384 1355 414 at.-

215 447 289 483 que
309 447 442 484 aquam
464 436 633 486 Corcyra
652 437 809 474 navibus
829 437 1010 474 onerariis
1028 446 1274 487 supportare:
1299 445 1355 474 at-

215 507 288 543 que
309 508 383 532 uno
404 496 515 533 etiam
537 505 710 547 tempore
729 497 882 542 accidit,
915 504 969 542 ut,
1000 497 1272 535 difficilioribus
1292 497 1349 534 usi

214 557 517 605 tempe-statibus,
537 570 585 594 cx
606 558 782 608 pellibus,
803 559 939 608 quibus
955 566 1060 595 erant
1076 566 1203 596 tectae
1224 571 1353 604 naves,

213 624 441 653 nocturnum
473 619 654 668 excipere
676 632 796 656 rorem
819 627 1060 668 cogerentur.
1109 631 1200 669 quas
1227 626 1354 656 tamen

214 677 454 715 difficultates
468 679 659 728 patienter
673 687 787 730 atque
804 693 926 730 aequo
941 680 1067 717 animo
1081 679 1268 725 ferebant,
1285 692 1351 716 ne-

215 751 288 787 que
307 739 376 774 sibi
393 739 568 775 nudanda
588 740 728 784 littora,
749 749 786 777 et
801 740 1070 790 relinquendos
1087 748 1232 790 portus,
1253 741 1352 777 exis-

214 798 410 836 timabant.
466 800 555 845 Sed,
589 814 704 850 quum
726 809 851 838 essent
873 801 908 837 iu
931 801 1066 851 quibus
1097 801 1354 838 demonstravi

213 859 411 909 angustiiS,
440 873 485 898 ae
512 873 551 897 se
584 861 680 898 Libo
702 875 788 898 cuin
825 861 960 898 Bibulo
991 863 1267 911 conjunxisset,
1300 862 1354 898 lo-

214 929 382 970 quuntur
414 922 525 959 ambo
546 934 595 958 ex
621 923 779 959 navibus
809 936 896 959 curn
929 921 982 958 M.
1018 923 1142 958 Acilio
1164 931 1202 960 et
1232 922 1354 960 Statio

213 981 369 1026 Murco,
389 982 538 1031 legatis,
555 996 713 1032 quorum
728 983 823 1019 alter
839 982 967 1032 oppidi
984 983 1112 1028 muris,
1133 983 1229 1020 alter
1243 995 1353 1033 prae-

213 1042 316 1078 sidiis
332 1043 573 1079 terrestribus
588 1051 784 1093 praeerat:
806 1043 903 1080 velle
923 1056 962 1080 se
977 1043 1151 1080 maximis
1172 1043 1219 1081 de
1240 1044 1352 1081 rebus

214 1116 299 1140 cum
323 1104 485 1140 Caesare
506 1104 623 1153 loqui,
657 1104 686 1140 si
707 1104 775 1141 sibi
796 1106 878 1153 ejus
907 1103 1064 1141 facultas
1084 1104 1207 1141 detur.
1262 1103 1355 1141 Huc

211 1164 356 1201 addunt
375 1177 495 1214 pauca
517 1165 568 1202 rei
590 1164 873 1202 confirmandae
893 1176 1039 1209 caussa,
1068 1171 1109 1201 ut
1129 1164 1176 1201 de
1197 1177 1353 1214 compo-

212 1225 348 1261 sitione
367 1226 489 1262 acturi
509 1225 740 1262 viderentur.
796 1225 953 1261 Interim
973 1225 1182 1275 postulant,
1217 1234 1255 1262 ut
1277 1225 1352 1262 sint

214 1285 403 1328 induciam
423 1293 537 1336 atque
551 1287 597 1323 ab
614 1286 657 1322 iis
672 1287 898 1336 impetrant:
920 1298 1097 1336 magnum
1112 1286 1228 1331 enim,
1249 1287 1355 1337 quod

211 1346 432 1392 afferebant,
451 1347 666 1387 videbatur:
686 1354 723 1384 et
740 1347 943 1384 Caesarem
965 1347 1001 1384 id
1017 1359 1161 1384 summe
1179 1348 1354 1386 sciebant

212 1421 350 1458 cupere
368 1425 376 1449 ;
410 1416 447 1445 et
467 1408 680 1459 profectum
701 1408 843 1458 aliquid
866 1406 1019 1444 Vibullii
1041 1408 1230 1446 mandatis
1249 1408 1351 1446 exis-

209 1470 427 1506 timabatur.

262 1531 368 1568 XVI.
424 1531 576 1575 Caesar,
610 1543 655 1566 eo
676 1537 847 1579 tempore
874 1543 959 1566 cum
980 1529 1132 1578 legione
1160 1542 1234 1567 una
1262 1544 1350 1581 pro-

208 1593 333 1629 fectus
352 1593 400 1629 ad
419 1591 658 1641 recipiendas
679 1590 878 1627 ulteriores
898 1590 1084 1636 civitates,
1114 1597 1153 1627 et
1173 1604 1251 1628 rem
1272 1590 1351 1628 fru-

208 1652 432 1690 mentariam
453 1651 747 1702 expediendam,
779 1664 853 1701 qua
872 1658 1033 1700 anguste
1053 1652 1244 1696 utebatur,
1270 1659 1352 1688 erat

207 1714 256 1750 ad
276 1713 520 1758 Buthrotum,
554 1713 773 1762 oppositum
795 1712 1002 1760 Corcyrae.
1056 1711 1114 1748 Ibi
1136 1711 1276 1749 certior
1302 1712 1350 1749 ab

210 1773 338 1810 Acilio
358 1781 396 1810 et
417 1773 556 1811 Murco
576 1786 645 1822 per
663 1773 791 1809 literas
812 1772 934 1809 factus
951 1772 997 1808 de
1017 1771 1218 1821 postulatis
1235 1770 1352 1810 Libo-

208 1835 265 1871 nis
284 1842 321 1872 et
344 1835 483 1879 Bibuli,
504 1833 692 1883 legionem
715 1833 919 1883 relinquit;
948 1833 1026 1882 ipse
1047 1832 1204 1870 Oricum
1226 1845 1351 1870 rever-

208 1894 313 1931 titur.
368 1894 425 1930 Eo
445 1907 560 1943 quum
585 1893 763 1938 venisset,
796 1900 1005 1930 evocantur
1026 1892 1077 1928 illi
1096 1893 1143 1930 ad
1163 1892 1349 1943 colloqui-

208 1969 284 1992 um.
338 1954 471 1992 Prodit
493 1955 603 2000 Libo,
631 1961 746 2004 atque
766 1962 925 1991 excusat
958 1953 1152 1998 Bibulum,
1185 1953 1288 2003 quod
1320 1954 1350 1990 is

208 2016 403 2052 iracundia
436 2028 582 2052 summa
601 2022 696 2058 erat,
730 2014 1024 2064 inimicitiasque
1044 2014 1209 2050 habebat
1229 2013 1343 2050 etiarn

206 2077 371 2127 privatas
398 2089 482 2113 cum
505 2076 683 2119 Caesare,
716 2089 764 2113 ex
785 2074 979 2112 aedilitate
1001 2081 1038 2112 et
1057 2081 1236 2124 praetura
1256 2086 1349 2111 con-

207 2144 354 2186 ceptas:
385 2137 434 2173 ob
455 2150 537 2172 eam
559 2149 637 2172 rein
659 2136 888 2185 colloquium
911 2136 1060 2180 vitasse,
1081 2147 1129 2172 ne
1149 2147 1207 2172 res
1227 2134 1348 2172 maxi-

207 2211 290 2234 mae
310 2198 402 2247 spei,
424 2197 688 2246 maximaeque
707 2196 893 2240 utilitatis,
915 2198 995 2245 ejus
1015 2195 1209 2234 iracundia
1230 2196 1348 2245 impe-

207 2259 390 2296 direntur.
428 2258 600 2307 Pompeii
621 2269 804 2294 summam
821 2269 903 2293 esse
919 2269 964 2293 ae
979 2256 1094 2293 fuisse
1114 2269 1264 2306 semper
1283 2269 1348 2294 vo·

208 2319 407 2364 luntatem,
429 2325 467 2355 ut
489 2324 828 2368 componerentur,
848 2324 962 2367 atque
981 2316 1028 2354 ab
1044 2315 1157 2354 armis
1176 2315 1356 2355 discede--
