1472 2664
547 282 713 319 LIBER
766 281 798 319 Ι.
1186 286 1234 322 19

88 385 228 423 acriter
247 384 297 424 ad
327 384 573 422 novissimum
602 398 754 435 agmen,
785 385 882 422 adeo
901 391 944 422 nt
971 397 1093 435 paene
1122 392 1230 436 terga

89 453 339 484 convertant:
384 446 675 497 compluresque
715 445 868 492 milites,
905 446 1020 483 etiarn
1055 446 1229 483 nonnulli

89 507 346 554 centuriones,
366 507 659 544 interficiuntur.
695 506 869 544 Instabat
883 518 1021 557 agmen
1040 506 1228 551 Caesaris,

87 574 201 616 atque
222 567 437 604 universum
458 567 691 604 imminebat.

136 627 320 665 LXXXI.
374 628 409 664 T
412 641 474 664 um
494 641 598 673 vero,
629 640 755 678 neque
774 628 823 664 ad
850 627 1127 677 explorandum
1147 627 1228 665 ido-

85 700 201 725 neum
221 688 349 726 locum
370 689 516 734 castris,
548 700 672 738 neque
697 688 746 725 ad
773 688 1110 739 progrediendum,
1140 688 1228 725 data

86 746 283 794 facultate,
303 749 520 787 consistunt
540 748 769 793 necessario,
789 755 827 785 et
846 747 978 798 procul
993 748 1041 784 ab
1055 760 1166 798 aqua,
1187 756 1227 785 et

82 816 219 847 natura
246 810 377 860 iniquo
408 809 508 855 loco,
537 816 662 847 castra
691 816 852 859 ponunt.
907 808 984 846 Sed
1015 808 1148 846 iisdem
1178 809 1226 846 de

81 869 223 906 caussis
238 869 394 916 Caesar,
414 883 512 921 quae
531 882 645 920 supra
659 877 747 907 sunt
762 869 1060 915 demonstratae,
1079 869 1226 919 proelio

88 930 298 980 [amplius]
323 943 400 968 non
419 930 584 975 lacessit,
617 936 657 967 et
682 942 728 967 eo
757 931 818 967 die
844 929 1092 967 tabernacula
1109 930 1226 967 statui

79 1001 210 1040 passus
223 1003 298 1028 non
318 998 397 1034 est;
416 1005 492 1042 quo
506 990 715 1041 paratiores
734 997 861 1027 essent
879 989 928 1026 ad
946 988 1225 1039 insequendum

81 1063 228 1096 omnes,
261 1052 339 1090 sive
358 1060 490 1098 noctu,
523 1052 601 1088 sive
627 1051 806 1096 interdiu,
840 1057 1094 1099 erumperent.
1147 1049 1223 1094 Illi,

81 1112 346 1150 animadverso
375 1113 467 1150 vitio
500 1120 726 1156 castrorum,
759 1118 841 1148 tota
860 1118 974 1148 nocte
994 1110 1225 1147 munitiones

78 1173 295 1223 proferunt,
327 1182 527 1224 castraque
557 1173 689 1211 castris
708 1179 948 1210 convertunt.
1002 1171 1092 1208 Hoc
1122 1171 1223 1208 idem

75 1241 229 1284 postero
257 1234 318 1272 die
337 1247 360 1272 a
389 1235 510 1286 prima
528 1234 614 1272 luce
642 1233 801 1279 faciunt,
835 1241 1035 1283 totumque
1055 1233 1092 1268 in
1113 1244 1159 1269 ea
1182 1245 1223 1270 re

75 1294 177 1332 diem
192 1302 434 1333 consumunt.
490 1294 580 1340 Sed,
600 1302 783 1345 quantum
804 1307 919 1345 opere
938 1300 1220 1344 processerant,

77 1362 117 1394 et
132 1362 258 1392 castra
275 1355 529 1406 protulerant,
557 1363 666 1392 tanto
686 1355 844 1392 aberant
865 1355 913 1391 ab
932 1367 1030 1405 aqua
1050 1354 1221 1404 longius;

74 1422 114 1453 et
131 1417 325 1466 praesenti
343 1416 443 1454 malo
461 1416 544 1454 aliis
562 1416 670 1453 malis
690 1415 859 1453 remedia
878 1415 1081 1452 dabantur.
1136 1414 1219 1451 Pri-

73 1488 137 1514 ma
155 1484 270 1515 nocte
288 1477 454 1527 aquandi
474 1489 608 1514 caussa
627 1488 740 1513 nemo
774 1475 972 1527 egreditur
992 1488 1041 1512 ex
1061 1476 1219 1513 castris:

73 1537 251 1588 proximo
271 1537 347 1583 die,
367 1537 558 1589 praesidio
578 1537 616 1574 in
637 1537 770 1574 castris
789 1537 941 1582 relicto,
960 1536 1153 1574 universas
1172 1537 1222 1574 ad

76 1610 215 1648 aquam
243 1599 374 1649 copias
400 1599 597 1641 educunt;
628 1598 851 1648 pabulatum
881 1597 1068 1635 emittitur
1095 1611 1220 1635 nemo.

74 1658 150 1695 His
169 1671 233 1696 eos
253 1658 445 1709 supplices
462 1659 569 1696 malis
589 1658 721 1696 haberi
737 1658 892 1704 Caesar,
912 1666 951 1695 et
966 1658 1219 1696 necessariam

72 1718 200 1756 subire
216 1719 466 1764 deditionem,
499 1731 612 1769 quam
645 1718 789 1768 proelio
809 1718 1021 1764 decertare,
1041 1718 1219 1756 malebat.

74 1779 247 1817 Conatur
275 1788 403 1818 tamen
431 1792 498 1817 eos
526 1780 623 1816 vallo
648 1779 827 1829 fossaque
853 1779 1143 1824 circumvenire,
1175 1787 1218 1816 ut

75 1851 187 1889 quam
208 1839 374 1876 maxime
402 1839 621 1890 repentinas
639 1851 772 1876 eorum
804 1839 1024 1890 eruptiones
1042 1839 1218 1876 demore-

75 1906 152 1944 tur,
171 1912 248 1950 quo
263 1900 481 1937 necessario
500 1900 754 1937 descensuros
772 1899 1028 1937 existimabat.
1083 1899 1158 1945 Illi,
1177 1907 1217 1938 et

73 1960 203 2010 inopia
221 1961 349 2011 pabuli
369 1960 538 2006 adducti,
565 1969 604 1998 et
623 1973 700 2010 quo
718 1967 845 1997 essent
864 1961 913 1997 ad
944 1960 983 1997 id
1002 1961 1217 2010 expeditio-

73 2032 147 2065 res,
184 2020 312 2057 omnia
329 2020 536 2058 sarcinaria
549 2022 724 2071 jumenta
742 2020 905 2058 interfici
919 2021 1070 2070 jubent.

121 2080 326 2117 LXXXII.
379 2080 425 2117 In
461 2080 519 2117 his
551 2081 729 2131 operibus
766 2081 1011 2132 consiliisque
1050 2081 1210 2119 biduum

71 2141 334 2178 consumitur:
354 2140 468 2178 tertio
486 2140 549 2178 die
568 2153 707 2191 magna
721 2143 800 2191 jam
820 2154 906 2192 pars
925 2142 1052 2192 operis
1073 2143 1213 2181 Caesa·

71 2199 122 2236 ris
141 2207 391 2250 processerat.
422 2199 483 2237 Illi
502 2200 768 2251 impediendae
784 2201 839 2239 rei
859 2214 1006 2248 caussa,
1027 2203 1119 2240 hora
1140 2203 1213 2241 cir-

72 2260 169 2297 citer
188 2272 265 2306 ux,
283 2260 393 2310 signo
412 2260 516 2307 dato,
534 2261 705 2311 legiones
719 2264 903 2309 educunt,
922 2263 1122 2314 aciemque
1141 2265 1212 2302 sub

72 2321 205 2360 eastris
224 2321 428 2360 instruunt.
482 2322 624 2361 Caesar
640 2323 687 2361 ab
713 2335 829 2375 opere
848 2324 1020 2375 legiones
1039 2333 1207 2372 revocat,
