1472 2664
277 291 352 330 DE
380 290 558 329 BELLO
587 289 748 328 ALEX.
778 289 956 328 LIBER.
1112 294 1184 329 141

48 402 113 433 ‘tus
140 401 222 433 erat
249 395 442 445 adjectum
471 393 620 431 flumini
648 393 764 437 Nilo;
790 393 952 431 alterum
978 391 1186 431 editissimo

50 456 139 493 loco
158 456 330 501 ductum,
349 462 391 492 ut
410 461 558 505 partem
578 461 787 493 castrorum
802 454 1015 498 obtineret;
1032 454 1187 491 tertium

55 515 196 567 palude
215 516 453 566 cingebatur.

107 576 201 613 XXI
209 575 253 612 X.
309 575 414 612 Inter
442 583 567 613 castra
584 575 686 626 regis
705 582 744 613 et
763 575 936 613 Caesaris
955 575 1027 613 iter
1045 574 1187 613 flumen

50 636 314 674 intercedebat
333 644 550 686 angustum,
583 635 773 673 altissimis
791 636 896 687 ripis,
925 635 1028 687 quod
1054 635 1092 673 in
1121 635 1189 672 Ni-

51 697 129 734 lum
161 696 367 733 influebat:
395 696 526 734 aberat
554 703 682 733 autem
708 696 756 733 ab
785 696 886 746 regis
913 696 1046 733 castris
1072 695 1191 733 millia

52 770 231 808 passuum
251 757 406 794 circiter
425 768 502 793 vu.
557 756 657 803 Rex,
677 769 795 808 quum
812 757 887 794 hoc
906 756 1040 794 itinere
1060 756 1191 794 venire

54 819 258 856 Caesarem
279 817 540 868 comperisset,
567 818 779 868 equitatum
799 830 951 855 omnem
970 818 1189 868 expeditos-

54 892 129 929 que
156 878 327 916 delectos
346 878 494 928 pedites
512 877 561 916 ad
579 878 619 915 id
636 878 780 915 flumen
799 879 913 924 misit,
945 878 1010 929 qui
1031 879 1191 916 transitu

52 939 257 976 Caesarem
285 937 548 988 prohiberent,
579 945 620 975 et
646 938 793 975 eminus
818 951 868 976 ex
889 939 978 989 ripis
1005 938 1190 989 proelium

54 1000 176 1049 impar
205 998 368 1041 inirent;
395 999 540 1036 nullum
559 999 660 1036 enim
686 1011 906 1048 processum
933 999 1051 1036 virtus
1075 999 1192 1036 habe-

53 1061 134 1105 bat,
162 1067 228 1097 aut
247 1059 458 1109 periculum
478 1059 628 1110 ignavia
653 1060 825 1097 subibat:
856 1072 953 1111 quae
982 1072 1042 1097 res
1061 1061 1189 1098 incen-

52 1121 110 1157 dit
141 1119 273 1157 dolore
303 1119 440 1157 milites
469 1120 695 1171 equitesque
722 1127 885 1166 nostros,
917 1121 1021 1171 quod
1048 1119 1192 1158 tamdiu

54 1181 135 1232 pari
155 1180 301 1232 proelio
321 1193 406 1218 cum
424 1180 695 1218 Alexandrinis
713 1188 937 1219 certaretur.
973 1181 1108 1231 Itaque
1127 1194 1192 1218 eo-

54 1242 142 1279 dem
161 1249 333 1292 tempore
352 1241 500 1292 equites
519 1240 718 1287 Germani,
736 1241 896 1292 dispersi
910 1241 1007 1278 vada
1025 1241 1190 1279 fluminis

55 1309 296 1353 quaerentes,
325 1301 460 1352 partim
488 1301 772 1339 demissioribus
792 1302 882 1353 ripis
909 1302 1051 1340 flumen
1071 1311 1191 1340 trans-

55 1363 216 1405 narunt;
245 1370 284 1400 et
303 1362 514 1412 legionarii,
533 1362 680 1412 magnis
698 1363 896 1400 arboribus
916 1363 1067 1409 excisis,
1096 1376 1193 1414 quac

58 1422 296 1474 longitudine
333 1430 534 1473 utramque
566 1422 686 1473 ripam
720 1423 1004 1474 contingerent,
1044 1427 1194 1475 projec-

61 1483 124 1528 tis,
153 1483 428 1534 repentinoque
447 1495 588 1533 aggere
607 1482 764 1532 injecto,
789 1482 931 1521 flumen
951 1485 1193 1523 transierunt.

57 1544 229 1585 Quorum
262 1543 445 1594 impetum
474 1543 570 1580 adeo
597 1543 877 1593 pertimuerunt
909 1545 1052 1591 hosteS,
1085 1553 1127 1582 ut
1155 1546 1191 1582 in

57 1603 150 1653 suga
168 1616 273 1654 spem
300 1604 433 1641 salutis
453 1603 708 1642 collocarent:
746 1604 813 1641 sed
831 1605 871 1642 id
896 1605 1060 1650 frustra;
1088 1619 1192 1644 nam-

57 1677 133 1715 que
161 1677 210 1702 ex
238 1677 283 1702 ea
310 1665 401 1715 fuga
426 1664 539 1715 pauci
571 1664 619 1701 ad
646 1677 776 1715 regem
803 1664 1040 1715 refugerunt,
1070 1679 1193 1717 paene

59 1724 161 1762 omni
182 1725 325 1776 reliqua
345 1724 590 1762 multitudine
610 1724 824 1762 interfecta.

116 1786 241 1823 XXX.
295 1787 448 1832 Caesar,
466 1799 508 1823 re
526 1786 825 1836 praeclarissime
843 1795 965 1837 gesta,
997 1801 1112 1839 quum
1132 1801 1194 1826 su-

66 1845 186 1883 bitum
203 1847 406 1884 adventum
423 1858 530 1885 suum
543 1846 735 1896 judicaret
748 1860 926 1897 magnum
941 1856 1122 1886 terrorem
1141 1851 1195 1886 A·

68 1906 300 1944 lexandrinis
318 1908 563 1958 injecturum,
593 1908 766 1958 protinus
784 1908 906 1946 victor
925 1910 972 1946 ad
992 1917 1117 1948 castra
1135 1924 1194 1948 re-

59 1967 117 2018 gis
135 1968 341 2018 pertendit.
376 1968 488 2006 Haec
503 1982 618 2020 quum
635 1977 674 2007 et
692 1981 808 2020 opere
827 1983 966 2019 magno
984 1971 1135 2016 vallata,
1155 1980 1193 2009 et

58 2028 133 2065 loci
149 2035 284 2066 natura
298 2030 457 2075 munita,
472 2030 703 2075 adverteret,
723 2030 1010 2081 confertamque
1030 2041 1193 2070 armato-

59 2103 142 2126 rum
163 2089 444 2128 multitudinem
474 2090 698 2129 collocatam
718 2091 755 2127 in
774 2091 873 2128 vallo
893 2092 1050 2138 videret,
1076 2093 1194 2131 lassos

59 2150 208 2197 itinere,
236 2165 282 2189 ac
300 2151 534 2202 proeliando,
564 2152 703 2190 milites
721 2152 770 2190 ad
796 2155 1053 2203 oppugnanda
1071 2163 1196 2192 castra

59 2212 270 2250 succedere
288 2213 422 2250 noluit.
474 2213 624 2265 Itaque,
654 2226 730 2251 non
758 2226 896 2264 magno
917 2215 1116 2253 intervallo
1136 2230 1194 2254 re·

61 2272 152 2309 licto
171 2273 218 2310 ab
239 2274 362 2319 hoste,
383 2281 507 2312 castra
526 2274 664 2325 posuit.
719 2274 879 2312 Postero
899 2275 960 2312 die
981 2277 1193 2323 castellum,

60 2332 164 2382 quod
178 2346 246 2371 rex
263 2334 297 2371 in
316 2335 490 2385 proximo
505 2336 589 2373 vico
605 2348 679 2373 non
700 2336 814 2386 longe
834 2348 856 2373 a
870 2336 946 2374 suis
965 2338 1097 2375 castris
1112 2351 1193 2375 mu-
