1472 2664
226 209 271 244 16
526 203 599 241 DE
638 202 815 241 BELLO
856 204 1024 242 CIVlLI

222 306 336 344 etiam
355 305 466 352 filius,
498 306 734 352 adolescens,
763 307 810 344 de
829 320 897 344 sua
915 319 960 345 ac
979 306 1145 358 parentis
1164 306 1220 344 sui
1239 306 1359 344 salute

222 379 310 404 cum
339 367 502 404 Caesare
529 379 597 416 per
618 366 827 417 Sulpicium
847 368 1015 417 legatum
1034 368 1184 417 agebat.
1239 366 1358 404 Erant

222 426 335 477 plena
353 427 496 463 laetitia
516 435 553 463 et
572 427 826 477 gratulatione
842 428 988 470 omnia;
1018 441 1165 473 eorum,
1194 427 1258 477 qui
1279 434 1360 464 tan-

222 495 262 524 ta
280 487 450 537 pericula
468 487 618 533 vitasse,
645 495 684 525 ct
703 501 848 534 eorum,
870 489 933 539 qui
954 489 1035 526 sine
1052 489 1208 526 vulnere
1237 496 1360 525 tantas

222 560 282 585 res
302 548 512 586 confecisse
532 549 781 592 videbantur3
809 562 1067 600 magnumque
1086 549 1253 586 fructum
1272 560 1361 585 suae

221 608 403 658 pristinae
418 608 584 646 lenitatis
600 610 768 646 omnium
779 610 925 659 judicio
939 610 1081 647 Caesar
1094 609 1254 654 ferebat,
1271 621 1361 646 con-

222 668 426 717 siliumque
445 670 527 717 ejus
547 680 567 705 a
587 670 736 706 cunctis
756 670 1001 720 probabatur.

275 727 436 764 LXXV.
490 728 637 770 Quibus
653 730 766 766 rebus
788 729 976 766 nunciatis
994 729 1169 774 Afranio,
1190 729 1236 765 ab
1258 727 1363 764 insti*

225 794 309 824 tuto
329 799 446 837 opere
467 788 643 834 discedit,
663 801 779 839 seque
793 789 828 825 in
850 797 974 826 castra
991 790 1153 840 recipit;
1182 789 1235 825 sic
1256 799 1364 838 para-

223 856 298 893 tus,
336 856 378 884 ut
406 848 620 893 videbatur,
657 857 712 894 ut,-
751 850 968 899 quicunque
999 849 1201 887 accidisset
1238 860 1361 892 casus,

224 909 327 946 hunc
360 909 489 958 quieto
519 916 558 945 et
577 921 699 958 aequo
732 910 857 946 animo
886 909 1015 946 ferret.
1068 908 1242 945 Petreius
1271 920 1360 944 vero

223 982 300 1006 non
320 969 460 1006 deserit
479 981 584 1012 sese;
613 978 734 1006 armat
755 970 930 1007 tinniliam
948 985 956 1012 ;
984 982 1071 1006 cum
1092 969 1177 1013 hac,
1198 976 1236 1005 et
1255 980 1364 1018 prae-

225 1029 324 1066 toria
342 1030 501 1067 cohorte
522 1038 766 1075 cetratorum,
798 1024 1045 1080 barbarisque
1063 1029 1253 1079 equitibus
1272 1040 1365 1078 pau-

224 1089 295 1135 cis,
325 1090 580 1127 beneficiariis
599 1091 689 1135 suis,
709 1103 804 1141 quos
823 1103 913 1127 suae
933 1090 1129 1127 custodiae
1149 1101 1281 1127 caussa
1300 1089 1365 1125 ba-

222 1151 313 1187 bere
349 1152 566 1196 consuerat,
597 1151 801 1201 improviso
821 1151 868 1187 ad
887 1151 1026 1188 vallum
1047 1150 1211 1195 advolat,
1244 1149 1361 1186 collo-

223 1210 314 1260 quia
329 1210 489 1247 militum
509 1211 764 1261 interrumpit,
797 1219 945 1249 nostros
965 1211 1114 1261 repellit
1140 1211 1187 1248 ab
1208 1209 1365 1252 castris;

225 1283 320 1320 quos
353 1270 620 1320 deprehendit,
659 1271 851 1309 interficit.
906 1270 1060 1321 Reliqui
1094 1272 1236 1308 eoe'unt
1268 1270 1367 1306 inter

222 1344 278 1376 se,
299 1339 351 1376 et,
371 1331 573 1381 repentino
593 1331 766 1381 periculo
785 1331 972 1376 exterriti,
1003 1331 1172 1367 sinistras
1191 1329 1291 1380 sagis
1311 1329 1366 1366 in-

223 1392 396 1437 volvunt,
428 1391 654 1442 gladiosque
681 1392 950 1443 destringunt;
976 1401 1092 1442 atque
1112 1391 1165 1428 ita
1195 1403 1235 1428 se
1255 1403 1278 1427 a
1305 1402 1368 1427 ce-

224 1452 332 1489 tratis
361 1452 631 1503 equitibusque
659 1452 886 1499 defendunt,
915 1459 1126 1490 castrorum
1147 1450 1367 1501 propinqui-

225 1518 304 1550 tate
324 1511 474 1556 confisi3
492 1525 609 1562 seque
629 1512 667 1548 in
683 1520 806 1550 castra
830 1511 1034 1562 recipiunt,
1054 1519 1092 1548 et
1111 1511 1158 1548 ab
1174 1510 1218 1547 iis
1230 1510 1369 1547 cohor-

225 1573 340 1618 tibus,
376 1585 474 1622 quae
495 1581 604 1610 erant
623 1573 660 1609 in
680 1573 844 1610 statione
863 1573 909 1610 ad
927 1580 1068 1622 portas,
1098 1571 1368 1609 defenduntur.

277 1632 462 1669 LXXVI.
516 1633 665 1675 Quibus
692 1634 805 1671 rebus
834 1633 1034 1678 confectis,
1067 1632 1163 1669 flens
1193 1631 1373 1669 Petreius

227 1693 438 1743 manipulos
466 1692 617 1738 circuit,
650 1693 866 1743 militesque
893 1692 1084 1743 appellat3
1112 1703 1187 1728 neu
1205 1703 1260 1736 se,
1292 1702 1369 1727 neu

227 1753 454 1804 Pompeium
486 1754 697 1799 absentem,
731 1754 999 1804 imperatorem
1031 1766 1155 1798 suum,
1191 1753 1368 1790 adversa-

226 1814 290 1851 riis
322 1814 370 1850 ad
394 1814 626 1864 supplicium
654 1815 821 1860 tradant,
853 1814 1042 1851 obsecrat.
1096 1813 1155 1850 Fit
1189 1813 1367 1851 celeriter

227 1887 434 1912 concursus
454 1875 492 1911 in
512 1875 756 1924 praetorium.
799 1874 985 1919 Postulat,
1015 1881 1057 1910 ut
1072 1875 1204 1923 jurent
1222 1884 1369 1918 omnes,

225 1947 267 1972 se
292 1934 505 1971 exercitum
525 1936 718 1984 ducesque
738 1947 812 1971 non
833 1934 1069 1979 deserturos,
1095 1945 1221 1983 neque
1239 1932 1370 1983 prodi-

225 2002 347 2041 turos,
378 2007 503 2045 neque
523 1995 593 2032 sibi
613 1996 815 2044 separatim
835 2007 857 2032 a
879 1994 1034 2044 reliquis
1059 1993 1260 2032 consilium
1279 2005 1369 2043 cap·

226 2064 343 2093 turos.
390 2056 573 2106 Princeps
592 2056 630 2092 in
650 2056 745 2093 haec
765 2056 880 2092 verba
893 2057 997 2104 jurat
1018 2055 1109 2105 ipse.
1164 2054 1274 2091 Idem
1288 2056 1370 2104 jus-

222 2116 429 2165 jurandum
448 2116 567 2166 adigit
589 2115 813 2153 Afranium:
839 2116 1124 2166 subsequuntur
1138 2115 1280 2152 tribuni
1299 2115 1369 2151 mi-

226 2177 335 2214 litum
355 2177 700 2226 centurionesque:
737 2176 981 2213 centuriatim
1008 2176 1198 2227 producti,
1230 2175 1370 2213 milites

227 2237 329 2274 idem
343 2238 484 2287 jurant.
544 2237 727 2282 Edicunt,
751 2249 869 2288 penes
889 2249 1004 2288 quem
1023 2237 1185 2288 quisque
1200 2236 1251 2274 sit
1270 2236 1372 2274 Cae-
