1472 2664
255 266 327 303 136
684 266 735 302 A.
780 264 958 303 HIRTII

241 367 355 405 levati
381 366 512 412 scutis,
549 375 589 405 et
607 367 732 406 animo
751 368 800 406 ad
819 368 1037 407 conandum
1055 368 1151 414 nixi,
1184 368 1232 406 ad
1252 369 1379 420 proxi-³

241 441 304 466 ma
332 429 483 479 navigia
500 429 742 467 adnatarunt.

290 490 398 527 XXI.
453 490 605 535 Caesar,
626 491 751 541 quoad
769 491 909 541 potuit,
940 490 1180 528 cohortando
1209 504 1297 529 suos
1329 492 1379 529 ad

239 558 394 600 pontem
415 563 460 588 ac
479 550 709 588 munitiones
729 551 976 596 contendere,
1007 551 1143 588 eodem
1165 552 1201 587 in
1228 552 1377 602 pericu-

239 611 275 647 lo
296 620 465 649 versatus
484 620 553 649 est.
608 612 816 663 Postquam
835 613 1030 649 universos
1050 612 1188 649 cedere
1207 613 1376 649 animad-

237 673 364 718 vertit,
399 674 436 709 in
456 686 567 710 suurn
587 674 779 723 navigium
798 685 838 710 se
858 673 1028 724 recepit:
1070 687 1145 724 quo
1176 674 1380 711 multitudo

236 733 433 770 hominum
453 734 625 772 insecuta
653 747 769 784 quum
789 734 1031 785 irrumperet,
1057 747 1182 784 neque
1203 734 1381 771 adminis-

236 794 375 840 trandi,
394 807 518 845 neque
539 795 748 845 repellendi
767 808 790 832 a
807 802 921 841 terra,
937 796 1099 833 facultas
1118 796 1294 838 daretur;
1325 796 1380 832 fo-

239 868 292 900 re,
321 855 424 905 quod
443 855 598 900 accidit,
629 856 858 905 suspicatus,
887 868 983 895 sese.
1002 869 1052 893 ex
1072 856 1223 906 navigio
1252 857 1381 906 ejecit,

235 923 351 965 atque
369 916 419 953 ad
438 929 515 962 eas,
547 929 644 966 quae
663 915 814 965 longius
833 916 1099 961 constiterant,
1129 929 1243 954 naves
1263 918 1381 954 adna-

236 976 341 1013 tavit.
398 977 502 1014 Hinc
522 977 597 1014 suis
625 977 884 1014 laborantibus
904 976 1072 1014 subsidio
1101 978 1261 1028 scaphas
1290 978 1377 1015 mit-

234 1045 332 1083 tens,
369 1037 571 1075 nonnullos
593 1036 842 1074 conservavit.
881 1035 1087 1086 Navigium
1107 1037 1259 1086 quidem
1281 1041 1377 1087 ejus,

232 1099 476 1136 multitudine
507 1099 727 1150 depressum
747 1098 926 1143 militum,
955 1110 1032 1134 una
1051 1110 1137 1135 cum
1159 1097 1377 1135 hominibus

237 1159 393 1196 interiit.
449 1159 539 1196 Hoc
559 1159 704 1209 proelio
730 1157 936 1196 desiderati
955 1166 1044 1195 sunt
1070 1171 1120 1195 ex
1148 1172 1307 1196 numero
1327 1159 1380 1196 le-

235 1221 494 1271 gionariorum
515 1220 678 1257 militum
699 1219 853 1257 circiter
871 1231 939 1266 cn,
972 1227 1011 1257 et
1029 1219 1157 1269 paullo
1179 1220 1277 1257 ultra
1295 1234 1381 1258 enm

236 1295 437 1319 numerum
457 1281 637 1318 classiarii
657 1288 696 1318 et
715 1280 892 1330 remiges.
947 1279 1201 1318 Alexandrini
1229 1294 1274 1318 eo
1293 1281 1381 1318 loco

237 1343 435 1381 castellum
455 1342 603 1392 magnis
636 1340 914 1378 munitionibus
942 1341 1149 1391 multisque
1180 1342 1380 1379 tormentiS

237 1404 571 1448 confirmaverunt,
606 1410 736 1453 atque,
764 1401 904 1451 egestis
923 1413 972 1438 ex
992 1401 1086 1439 mari
1105 1401 1308 1452 lapidibus,
1339 1402 1382 1438 li-

237 1466 329 1502 bere
348 1472 437 1502 sunt
456 1464 513 1502 usi
533 1470 668 1514 postea
685 1463 734 1500 ad
753 1462 941 1500 mittenda
964 1461 1128 1512 navigia.

289 1525 419 1562 XXII.
474 1524 563 1562 Hoc
583 1523 830 1568 detrimento,
849 1522 990 1560 milites
1009 1523 1130 1560 nostri
1149 1530 1296 1560 tanturn
1313 1524 1379 1561 ab·

234 1586 404 1629 fuerunt,
433 1593 474 1622 ut
499 1585 829 1635 perturbarentur,
857 1591 900 1621 ut
929 1583 1075 1621 incensi
1103 1584 1231 1634 potius
1264 1591 1380 1634 atque

236 1646 383 1684 incitati
404 1658 560 1695 magnas
575 1645 816 1682 accessiones
830 1643 995 1682 fecerint
1010 1644 1048 1681 in
1068 1644 1246 1695 operibus
1262 1645 1381 1682 hosti-

238 1720 300 1744 um
321 1705 588 1756 expugnandis
605 1719 614 1741 :
635 1704 672 1741 in
691 1704 846 1756 proeliis
861 1704 1107 1755 quotidianis,
1127 1704 1380 1755 quandocun-

236 1781 311 1818 que
339 1766 415 1804 fors
451 1766 655 1811 obtulerat,
684 1765 997 1816 procurrentibus
1027 1773 1067 1802 et
1092 1765 1382 1815 erumpentibus

239 1826 514 1865 Alexandrinis
541 1829 565 1852 ὃ*
594 1829 617 1852 ³⁸
646 1839 799 1864 manum
819 1825 1093 1876 comprehendi
1114 1826 1275 1863 multum
1291 1839 1382 1876 ope-

239 1889 356 1932 ribus,
389 1896 428 1925 et
456 1887 676 1925 ardentibus
706 1886 840 1924 studiis
868 1886 1054 1923 militum:
1085 1899 1157 1923 nec
1185 1886 1384 1935 divulgata

239 1948 413 1986 Caesaris
433 1948 598 1985 hortatio
618 1946 798 1997 subsequi
817 1946 1012 1996 legionum
1028 1953 1095 1983 aut
1113 1947 1295 1992 laborem,
1315 1954 1382 1983 aut

238 2009 434 2060 pugnandi
456 2016 603 2059 poterat
633 2007 906 2057 cupiditatem:
940 2014 982 2044 ut
1009 2007 1130 2056 magis
1157 2007 1378 2044 deterrendi

239 2077 280 2106 et
307 2069 530 2106 continendi
562 2082 584 2106 a
615 2067 943 2119 periculosissimis
972 2075 1100 2105 essent
1127 2067 1381 2105 dimicationi—

238 2130 323 2173 bus,
344 2143 455 2179 quani
478 2129 662 2167 incitandi
681 2129 729 2165 ad
748 2128 1009 2178 pugnandum.

291 2190 441 2226 XXIII.
497 2190 763 2234 Alexandrini,
784 2203 899 2239 quum
921 2189 1114 2226 Romanos
1132 2196 1171 2226 et
1190 2189 1370 2226 secundis

239 2251 353 2288 rebus
373 2251 601 2296 confirmari,
621 2259 660 2288 et
674 2250 841 2287 adversis
861 2250 1024 2296 incitari,
1044 2250 1230 2295 viderent,
1251 2262 1377 2300 neque

239 2312 357 2349 ullum
377 2312 466 2349 belli
486 2312 641 2350 tertium
660 2324 790 2350 casum
815 2312 984 2357 nossent,
1011 2324 1086 2361 quo
1116 2319 1272 2363 possent
1290 2324 1373 2347 esse
