1472 2664
500 291 664 330 LIBER
717 293 792 331 III.
1157 297 1205 333 83

122 395 264 433 XLIX.
299 395 461 446 Jamque
475 395 666 434 frumenta
679 403 936 433 maturescere
951 394 1203 446 incipiebant;

73 464 185 506 atque
204 457 283 508 ipsa
296 469 380 507 spes
394 457 559 507 inopiam
578 458 827 503 sustentabat,
848 457 950 507 quod
965 456 1142 493 celeriter
1160 470 1201 494 se

72 517 267 555 habituros
287 517 434 567 copiam
455 518 698 555 confidebant
715 533 724 555 :
752 518 984 568 crebraeque
1003 530 1117 554 voces
1135 518 1203 555 mi-

71 576 178 614 litum
206 577 243 614 in
263 577 398 628 vigiliis
429 578 706 628 colloquiisque
738 577 1003 623 audiebantur,
1031 576 1134 627 prius
1162 589 1203 614 se

74 637 216 675 cortice
236 650 284 674 ex
303 638 497 674 arboribus
517 638 694 684 victuros,
715 651 826 689 quam
848 637 1072 688 Pompeium
1088 650 1109 674 e
1124 650 1202 675 ma-

71 697 180 734 nibus
208 698 438 736 dimissuros.
492 699 674 737 Libenter
703 700 816 737 etiam
837 712 885 735 ex
914 698 1083 748 perfugis
1112 710 1202 748 cog-

69 758 293 803 noscebant,
314 771 433 808 equos
452 772 583 796 eorum
603 759 666 796 vix
687 759 853 804 tolerari,
873 759 1019 809 reliqua
1037 771 1126 795 vero
1141 760 1202 808 ju-

71 825 200 855 menta
227 818 423 863 interisse3
451 820 506 856 uti
525 827 653 856 autem
674 820 773 871 ipsos
793 820 1008 857 valetudine
1041 832 1116 856 non
1135 820 1202 856 bo-

66 891 127 923 na,
148 892 263 928 quum
282 879 466 929 angustiis
486 880 574 925 loci,
594 888 632 918 et
647 881 763 917 odore
779 888 878 918 tetro
893 893 942 917 ex
959 879 1201 916 multitudine

67 938 310 983 cadaverum,
347 947 385 976 et
415 940 645 989 quotidianis
675 941 882 986 laboribus,
915 940 1084 976 insuetos
1110 952 1200 989 ope-

69 1012 166 1045 rum,
187 1007 266 1036 tum
286 1012 406 1050 aquae
422 1013 569 1037 summa
589 1001 727 1051 inopia,
748 1001 927 1038 affectos:
956 1000 1082 1037 omnia
1100 1000 1201 1037 enim

67 1058 239 1104 flumina,
259 1066 374 1109 atque
395 1073 526 1096 omnes
546 1060 658 1107 rivos,
679 1061 741 1111 qui
756 1061 803 1097 ad
823 1073 925 1113 mare
944 1060 1200 1110 pertinebant,

68 1119 211 1156 Caesar
229 1127 294 1156 aut
315 1127 516 1166 averterat,
547 1129 611 1157 aut
630 1121 776 1171 magnis
796 1121 974 1171 operibus
997 1121 1199 1157 obstruxe-

65 1187 137 1216 rat.
175 1180 320 1230 Atque,
342 1188 382 1217 ut
397 1187 505 1218 erant
524 1181 609 1218 loca
628 1189 840 1226 montuosa,
860 1188 899 1218 et
913 1181 961 1217 ad
979 1192 1115 1230 specus
1134 1193 1200 1217 an-

67 1241 215 1290 gustiae
234 1240 402 1286 vallium,
423 1241 490 1278 has
509 1242 661 1278 sublicis
682 1242 720 1278 in
741 1249 879 1279 terram
899 1241 1071 1278 demissis
1090 1254 1197 1291 prae-

66 1308 250 1351 sepserat,
262 1308 478 1351 terramque
491 1310 725 1351 aggesserat,
742 1309 782 1339 ut
794 1315 930 1352 aquam
946 1302 1200 1339 continerent.

63 1361 200 1411 Itaque
219 1361 272 1398 illi
293 1362 509 1399 necessario
528 1363 614 1400 loca
631 1363 739 1414 sequi
758 1363 921 1399 demissa
939 1375 984 1399 ac
1004 1362 1198 1412 palustria,

66 1428 104 1459 et
123 1429 259 1472 puteos
273 1422 419 1468 fodere,
440 1423 691 1472 cogebantur,
711 1431 826 1473 atque
842 1423 944 1460 hunc
964 1423 1130 1459 laborem
1150 1423 1199 1460 ad

67 1482 289 1533 quotidiana
316 1495 432 1532 opera
450 1483 665 1521 addebant:
694 1484 757 1534 qui
776 1491 904 1521 tamen
931 1483 1055 1521 fontes
1074 1496 1096 1520 a
1115 1483 1197 1533 qui-

59 1544 219 1581 busdam
239 1543 436 1594 praesidiis
456 1545 615 1581 aberant
635 1545 800 1595 longius,
832 1552 871 1582 et
891 1545 1067 1582 celeriter
1085 1545 1197 1582 aesti-

63 1606 134 1642 bus
154 1605 442 1642 exarescebant.
496 1605 552 1641 At
571 1606 742 1643 Caesaris
761 1605 954 1643 exercitus
973 1606 1116 1656 optima
1135 1618 1197 1642 va-

62 1665 247 1711 letudine,
268 1678 489 1716 summaque
507 1678 627 1716 aquae
642 1666 765 1717 copia,
787 1666 980 1710 utebatur;
999 1674 1079 1703 tum
1095 1680 1197 1704 corn-

61 1734 209 1764 meatus
230 1727 333 1763 omni
361 1739 503 1776 genere
523 1734 674 1776 praeter
701 1727 934 1764 frumentum
953 1727 1197 1765 abundabat:

63 1787 200 1837 quibus
219 1786 389 1837 quotidie
419 1787 554 1824 melius
573 1788 781 1825 succedere
806 1795 970 1839 tempus,
998 1790 1197 1838 majorem-

64 1860 138 1898 que
154 1860 260 1898 spcm
279 1847 498 1885 maturitate
513 1848 790 1886 frumentorum
805 1849 984 1900 proponi,
1003 1850 1196 1886 videbant.

113 1908 160 1945 L.
214 1908 259 1946 In
278 1922 376 1945 novo
395 1921 537 1958 genere
556 1909 645 1946 belli
664 1922 784 1947 novae
799 1910 845 1947 ab
866 1910 1035 1960 utrisque
1055 1910 1198 1947 bellan-

61 1969 99 2006 di
119 1969 284 2006 rationes
314 1969 616 2019 reperiebantur.
669 1970 743 2016 Illi,
775 1984 891 2021 quum
910 1970 1196 2007 animadvertis-

60 2037 146 2066 sent
160 2042 209 2066 ex
228 2029 393 2080 ignibus,
413 2038 527 2067 nocte
541 2030 719 2068 cohortes
737 2038 884 2068 nostras
898 2032 946 2068 ad
965 2031 1195 2068 munitiones

62 2091 273 2136 excubare,
300 2089 452 2127 silentio
471 2091 640 2140 aggressi
660 2092 865 2138 universas,
895 2093 994 2129 intra
1024 2092 1195 2128 multitu-

60 2148 187 2186 dinem
218 2150 376 2200 sagittas
397 2150 666 2199 conjiciebant,
694 2159 732 2189 et
751 2165 791 2190 se
811 2152 1012 2190 confestim
1032 2153 1079 2190 ad
1105 2165 1193 2190 suos

59 2209 308 2259 recipiebant.
342 2211 489 2252 Quibus
509 2211 621 2249 rebus
641 2213 772 2258 nostri,
793 2226 862 2250 usu
882 2213 999 2259 docti,
1019 2213 1114 2250 haec
1134 2226 1193 2250 re-

58 2270 256 2320 periebant
274 2271 453 2318 remedia,
485 2278 528 2309 ut
547 2272 620 2310 alio
639 2273 726 2312 loco
745 2274 853 2325 ignes
872 2274 1058 2321 facerent,
1094 2273 1191 2324 [alio

58 2331 331 2381 excubarent.]
367 2334 388 2357 ἢ*
419 2334 442 2357 *³
471 2335 493 2358 ὅ*
