1472 2664
254 289 328 327 DE
356 287 535 327 BELLO
565 288 741 328 AFRIC.
768 287 946 328 LIBER.
1103 293 1175 332 175

43 405 93 430 ex
112 391 251 443 oppido
270 390 395 443 erupit
414 390 635 438 multitudo,
662 399 779 443 atque
797 391 988 443 equitatus
1006 392 1175 430 subsidio

45 465 122 490 uno
140 460 310 502 tempore
339 450 395 490 eis
413 463 503 490 casu
522 451 725 498 succurrit,
758 452 823 503 qui
854 459 937 490 erat
965 452 1100 490 missus
1129 453 1179 490 ab

43 513 69 550 J
73 514 147 551 uba
163 513 212 550 ad
244 511 474 563 stipendium
507 511 789 563 accipiendunn
825 520 1038 564 castraque,
1074 513 1177 550 unde

43 574 183 611 Caesar
197 585 370 623 egressus
386 572 458 610 iter
471 571 598 611 fucere
613 580 808 624 coeperat,
823 580 1028 624 occupant,
1040 581 1080 610 ct
1094 574 1178 623 ejus

43 647 181 683 agmen
200 641 414 672 extremum
429 632 577 684 insequi
590 642 813 684 coeperunt.
858 635 966 676 Quae
985 647 1044 672 res
1061 647 1177 685 quum

45 693 306 731 animadversa
324 700 439 739 esset,
456 693 583 731 subito
597 693 793 744 legionarii
814 694 1040 740 consistunt,
1072 702 1110 733 ct
1138 707 1178 732 e-

43 753 182 804 quites,
200 766 412 804 quanquam
441 760 551 791 erant.
570 754 696 805 pauci,
725 762 853 794 tamen
872 763 1004 793 contra
1032 761 1177 793 tantam

43 814 326 852 multitudinem
355 813 604 852 audacissime
631 823 877 853 concurrunt.
932 815 1088 854 Accidit
1118 829 1179 854 res

40 874 286 920 incredibilis,
319 882 361 912 ut
391 875 539 926 equites
559 875 683 912 minus
707 887 789 913 xxx
817 875 918 914 Galli
952 875 1177 914 Maurorum

39 934 210 986 equitum
231 950 260 973 11
278 934 393 973 millia
405 934 492 973 loco
505 934 706 985 pellerent,
738 943 995 987 urgerentque
1011 936 1048 974 in
1065 936 1173 987 oppi-

42 996 145 1033 dum.
198 996 405 1048 Postquam
424 995 564 1047 repulsi
582 1003 623 1033 et
637 997 802 1046 conjecti
817 1004 926 1035 erant.
941 997 1040 1035 intra
1055 998 1179 1035 muni-

44 1056 182 1103 tiones,
203 1057 344 1095 Caesar
362 1055 435 1094 iter
452 1056 704 1094 constitutum
723 1057 778 1094 ire
797 1058 1010 1096 contendit.
1062 1058 1179 1100 Quod

45 1118 163 1167 quum
176 1118 324 1168 saepius
344 1116 529 1164 facerent,
548 1123 588 1154 ct
606 1117 721 1155 modo
739 1117 1045 1169 insequerentur,
1063 1119 1179 1157 modo

44 1191 172 1216 rursus
186 1179 234 1216 ab
254 1178 444 1229 equitibus
464 1177 501 1215 in
522 1177 704 1228 oppidum
723 1178 999 1228 repellerentur
1015 1194 1024 1223 ;
1042 1179 1178 1217 cohor-

42 1239 144 1277 tibus
158 1239 290 1290 paucis
305 1252 355 1276 ex
373 1238 576 1284 veteranis,
595 1251 687 1289 quas
706 1251 838 1277 secum
855 1239 1036 1285 habebat,
1054 1239 1092 1276 in
1111 1253 1179 1278 ex·

43 1307 164 1339 tremo
183 1300 334 1352 agmine
354 1298 565 1345 collocatis,
583 1307 624 1337 et
640 1307 748 1350 parte
771 1299 977 1351 equitatuS‚
996 1299 1067 1339 iter
1084 1300 1179 1338 leni-

43 1367 102 1399 ter
120 1374 206 1400 cum
225 1360 379 1412 reliquis
399 1359 524 1398 facere
543 1360 684 1411 coepit.
716 1360 788 1406 Ita,
803 1367 946 1411 quanto
963 1361 1113 1412 longius
1131 1362 1179 1400 ab

44 1422 185 1473 oppido
204 1421 484 1467 discedebatur‚
511 1427 619 1459 tanto
638 1420 823 1459 tardiores
837 1421 886 1459 ad
903 1421 1180 1474 insequendum

43 1489 153 1520 erant
180 1481 384 1520 Numidae.
411 1480 570 1519 Interim
589 1481 627 1519 in
646 1481 782 1520 itinere
801 1495 850 1520 ex
869 1482 1020 1533 oppidis
1038 1490 1078 1520 et
1097 1496 1179 1521 cas-

44 1543 143 1581 tellis
176 1543 388 1594 legationes
405 1542 560 1586 venire;
586 1542 757 1594 polliceri
785 1542 1031 1589 frumentum,
1072 1557 1182 1594 parn-

46 1610 182 1655 tosque
201 1616 298 1650 esse,
318 1615 417 1655 quae
443 1602 680 1654 impertisset,
699 1602 840 1641 facere.
892 1604 1026 1655 ltaque
1053 1616 1100 1642 eo
1118 1604 1181 1642 die

46 1672 171 1703 castra
189 1665 317 1716 posuit
334 1665 382 1702 ad
400 1663 582 1715 oppidum
605 1663 813 1715 Ruspinam
834 1663 921 1702 Kal.
939 1664 1028 1703 Jan.

96 1724 187 1764 VII.
239 1726 335 1764 Inde
353 1725 485 1771 movit,
503 1732 544 1763 et
570 1724 744 1776 pervenit
761 1725 809 1762 ad
824 1724 1004 1776 oppidum
1025 1725 1182 1776 Leptin,

45 1784 203 1823 liberam
222 1785 430 1831 civitatem,
467 1793 506 1822 et
524 1785 742 1822 immunem.
795 1784 933 1835 Legati
959 1798 1009 1823 ex
1039 1786 1183 1836 oppido

45 1846 204 1884 veniunt
233 1845 383 1883 obviam
402 1861 413 1890 ;
451 1845 616 1882 libenter
646 1857 688 1883 se
719 1846 846 1884 omnia
872 1846 1054 1892 facturos,
1084 1859 1182 1898 quae

46 1905 175 1951 vellet,
210 1905 449 1956 pollicentur.
502 1905 652 1956 Itaque,
683 1906 970 1945 centurionibus
988 1907 1036 1945 ad
1055 1915 1183 1958 portas

49 1966 180 2017 oppidi
199 1974 238 2004 et
256 1965 437 2004 custodiis
456 1965 655 2016 impositis,
683 1979 731 2004 ne
761 1966 845 2018 quis
871 1967 979 2005 miles
1010 1968 1049 2006 in
1075 1969 1184 2019 oppi-

48 2026 139 2064 dum
158 2027 347 2072 introiret,
373 2033 441 2063 aut
472 2026 648 2076 injuriam
666 2026 812 2065 faceret
838 2027 1002 2079 cuipiam
1021 2028 1184 2075 incolae,

47 2100 124 2125 non
136 2087 250 2138 longe
263 2088 310 2125 ab
325 2087 466 2138 oppido
486 2087 696 2125 secundum
711 2087 818 2125 littus
832 2087 923 2125 facit
941 2095 1078 2127 castra.
1107 2088 1184 2127 Eo-

51 2147 138 2186 dem
152 2161 267 2186 naves
281 2147 476 2186 onerariae
494 2155 534 2186 et
547 2148 685 2199 longae
701 2147 908 2187 nonnullae
921 2161 1011 2187 casu
1023 2149 1186 2187 advene-

50 2217 164 2246 runt:
182 2209 364 2260 reliquae,
385 2216 427 2246 ut
442 2215 500 2246 est
514 2209 550 2246 ei
562 2209 798 2256 nunciatum,
818 2209 988 2248 incertae
999 2209 1186 2257 locorum,

52 2267 207 2307 Uticam
235 2282 365 2307 versus
383 2276 516 2320 petere
542 2270 644 2308 visae
663 2278 764 2308 sunt.
817 2269 977 2308 Interim
997 2270 1138 2309 Caesar
1164 2283 1189 2309 a

51 2328 147 2367 mari
163 2342 241 2368 non
259 2329 423 2381 digredi,
441 2342 566 2382 neque
579 2329 858 2369 mediterranea
871 2336 1017 2381 petere,
1032 2336 1189 2383 propter

184 2403 199 2414 κ
