1472 2664
490 275 654 313 LIBER
706 275 780 314 111.
1142 281 1213 317 115

77 378 196 416 sai-ios
209 384 354 416 sumtus
369 386 584 428 corrugata,
600 379 756 429 cognito
772 378 945 417 Caesaris
960 379 1140 426 adventu,
1160 393 1211 418 ex

76 451 126 476 eo
144 439 230 476 loco
248 438 436 484 discessit,
469 446 509 476 et
542 439 750 489 Mytilenas
781 439 913 490 paucis
943 439 1076 477 diebus
1095 440 1213 477 venit.

78 499 243 536 Biduum
262 506 490 549 tempestate
515 507 700 546 retentus,
721 501 954 551 navibusque
974 500 1056 537 aliis
1075 500 1213 538 additis

77 560 266 605 actuariis,
303 561 341 597 in
375 560 549 598 Ciliciam
569 569 683 611 atque
706 562 795 599 inde
826 561 994 611 Cyprum
1026 562 1212 611 pervenit.

78 620 138 657 Ibi
158 620 369 670 cognoscit,
401 633 588 658 consensu
608 622 776 659 omnium
797 621 1131 668 Antiochensium,
1160 623 1213 659 ci-

76 681 254 731 viumque
275 681 548 726 Romanorum,
576 682 641 732 qui
659 682 736 720 illic
765 682 1066 732 negotiarentur,
1085 695 1212 720 arcem

75 749 225 792 captam
245 754 328 778 esse
356 742 588 780 excludendi
609 743 666 779 sui
699 754 858 785 caussa;
886 742 1125 793 nunciosque
1156 743 1213 780 di-

73 801 205 840 missos
223 802 273 839 ad
290 815 369 848 eos,
389 803 455 852 qui
473 815 513 840 se
532 815 582 840 ex
601 803 693 853 fuga
713 803 750 840 in
766 803 946 840 finitimas
961 804 1135 842 civitates
1155 818 1213 842 re-

74 863 221 913 cepisse
240 863 474 908 dicerentur,
513 876 561 900 ne
584 864 832 901 Antiochiam
852 864 1024 901 adirent:
1054 865 1091 902 id
1110 866 1140 902 si
1159 865 1215 902 fe-

74 924 231 969 cissent,
249 936 390 974 magno
407 937 538 962 eorum
555 925 690 975 capitis
708 924 879 975 periculo
893 924 1077 962 futurum.
1105 926 1213 963 Idem

74 984 150 1022 hoc
169 984 216 1021 L.
235 984 415 1030 Lentulo,
436 985 499 1035 qui
520 984 714 1035 superiore
734 997 834 1022 anno
855 985 986 1021 consul
1008 984 1146 1030 fuerat,
1175 996 1214 1025 et

73 1044 117 1081 P.
150 1045 331 1091 Lentulo,
360 1045 563 1091 consularI,
591 1058 636 1082 ac
666 1045 857 1082 nonnullis
889 1045 986 1088 aliis,
1019 1047 1215 1083 acciderat

76 1105 228 1143 Rhodi:
269 1106 348 1156 qui,
389 1119 505 1156 quum
526 1118 575 1142 ex
595 1106 686 1156 fuga
705 1105 934 1155 Pompeium
948 1115 1216 1156 sequerentur,

75 1174 191 1217 atque
210 1167 248 1203 in
280 1166 440 1204 insulam
461 1166 668 1212 venissent,
697 1167 838 1216 oppido
858 1180 903 1204 ac
923 1175 1036 1217 portu
1068 1170 1214 1219 recepti

73 1240 150 1265 non
169 1235 302 1270 erant;
331 1227 528 1277 missisque
557 1227 606 1264 ad
638 1240 704 1265 eos
733 1227 896 1272 nunciis,
929 1235 970 1265 ut
990 1241 1037 1265 ex
1059 1229 1102 1266 iis
1121 1229 1215 1267 locis

73 1287 331 1333 discederent,
351 1294 484 1324 contra
498 1287 732 1324 voluntatem
746 1298 852 1323 suam
867 1299 982 1324 naves
997 1287 1210 1326 solverunt.

71 1348 237 1399 Jamque
256 1348 305 1385 de
325 1347 498 1386 Caesaris
518 1347 683 1386 adventu
702 1347 803 1384 fama
817 1346 865 1384 ad
885 1347 1059 1385 civitates
1088 1349 1215 1398 perfe-

72 1409 240 1447 rebatur.

125 1469 234 1507 CIII.
289 1469 436 1512 Quibus
456 1470 619 1520 cognitis
639 1471 766 1515 rebus,
792 1469 1012 1520 Pompeius,
1041 1470 1216 1520 deposito

73 1530 273 1568 adeundae
294 1529 427 1579 Syriae
447 1531 620 1575 consilio,
649 1531 813 1580 pecunia
840 1530 1035 1567 societatis
1054 1531 1216 1577 sublata,

73 1598 113 1628 et
131 1603 153 1628 a
168 1589 393 1640 quibusdam
409 1590 565 1640 privatis
578 1598 716 1636 sumta,
737 1600 776 1628 et
795 1591 892 1628 aeris
911 1604 1051 1641 magno
1071 1593 1216 1641 ponde-

73 1665 114 1689 re
134 1652 184 1689 ad
215 1651 416 1689 militarem
448 1664 556 1688 usum
577 1651 614 1688 in
634 1663 748 1689 naves
768 1651 958 1701 imposito,
990 1652 1216 1704 duobusque

73 1713 240 1751 millibus
258 1712 456 1750 hominum
476 1711 643 1757 armatis,
665 1712 801 1762 partim
818 1725 912 1762 quos
928 1724 978 1748 ex
992 1711 1143 1750 familiis
1158 1727 1218 1751 so-

73 1774 257 1812 cietatum
272 1772 484 1823 delegerat,
504 1772 641 1822 partim
661 1784 684 1808 a
701 1771 1005 1821 negotiatoribus
1021 1774 1216 1823 coegerat,

70 1846 240 1885 quosque
269 1846 319 1870 ex
338 1833 414 1870 suis
434 1832 595 1883 quisque
623 1833 671 1870 ad
699 1832 800 1869 hanc
819 1845 899 1869 rem
919 1832 1078 1870 idoneos
1109 1834 1211 1871 exis-

71 1894 245 1938 timabat,
265 1892 459 1930 Pelusium
479 1892 666 1942 pervenit.
720 1892 780 1928 Ibi
796 1905 886 1930 casu
903 1906 971 1930 rex
987 1901 1070 1931 erat
1086 1894 1216 1932 Ptole-

73 1966 219 1998 maeus,
246 1966 342 2004 puer
361 1960 500 1998 aetate,
520 1953 667 2002 magnis
688 1953 822 2003 copiiS‚
844 1965 931 1989 cum
952 1966 1082 1991 sorore
1103 1954 1216 1992 Cleo-

73 2022 184 2066 patra
199 2013 343 2052 bellum
362 2026 514 2064 gerens,
544 2026 655 2064 quam
675 2013 808 2063 paucis
827 2020 916 2050 ante
936 2014 1128 2051 mensibus
1146 2027 1216 2064 per

73 2088 163 2113 suos
181 2074 415 2126 propinquos
434 2081 549 2124 atque
577 2073 719 2111 amicos
739 2086 858 2124 regno
878 2074 1104 2124 expulerat:
1133 2087 1217 2112 cas:

71 2144 206 2186 traque
240 2135 467 2186 Cleopatrae
497 2147 574 2172 non
593 2135 711 2184 longo
743 2134 867 2185 spatio
900 2135 947 2172 ab
968 2137 1050 2184 ejus
1081 2136 1215 2172 castris

75 2196 280 2233 distabant.
335 2195 400 2232 Ad
418 2207 506 2232 eum
529 2194 734 2244 Pompeius
754 2195 868 2240 misit,
898 2203 940 2232 ut
958 2208 1027 2245 pro
1048 2195 1214 2245 hospitio

73 2262 191 2306 atque
210 2255 377 2294 amicitia
403 2255 521 2306 patris
555 2255 791 2292 Alexandria
820 2256 1071 2306 reciperetur,
1099 2262 1214 2305 atque

71 2316 172 2355 illius
186 2317 320 2368 opibus
340 2317 377 2355 in
397 2316 612 2355 calamitate
632 2323 841 2367 tegeretur.
897 2316 987 2363 Sed,
1016 2316 1082 2367 qui
1101 2318 1148 2354 ab
1168 2330 1214 2355 eo
