1472 2664
502 301 667 340 LIBER
718 302 791 339 111.
1150 303 1222 344 107

82 407 154 444 bus
173 406 360 449 efficeret;
391 413 508 456 atque
527 406 685 443 alteram
705 405 816 443 alteri
835 405 1023 457 praesidio
1042 417 1124 443 esse
1139 408 1218 456 jus-

83 475 195 505 serat.
248 467 435 505 Cohortes
454 467 492 503 in
518 467 600 504 acie
631 477 740 503 Lxxx
768 467 994 504 constitutas
1025 466 1213 503 habebat:

84 540 181 578 quae
208 540 353 565 summa
371 534 453 564 erat
484 527 642 564 millium
661 539 766 563 xxii.
821 526 1010 565 Cohortes
1032 541 1063 564 11
1085 527 1217 564 castris

80 588 268 638 praesidio
288 588 502 638 reliquerat.
552 587 713 625 Sinistra
734 600 853 625 cornu
874 587 1102 632 Antonium,
1122 587 1216 625 dex-

81 654 141 684 tro
161 647 204 685 P.
226 647 385 692 Sullam,
404 647 528 684 media
546 647 628 685 acie
648 647 720 685 Cn.
738 647 965 693 Domitium,
986 658 1215 698 praeposue-

82 715 164 750 rat;
191 707 270 757 ipse
292 715 426 745 contra
449 707 671 758 Pompeium
689 708 871 745 constitit.
927 708 1061 753 Simul,
1080 707 1138 745 his
1157 720 1217 745 re-

80 768 150 805 bus
169 769 451 814 animadversis,
472 780 564 818 quas
579 768 935 815 demonstravimus,
955 769 1106 814 timens,
1128 782 1176 806 ne
1196 782 1218 806 a

80 829 325 866 multitudine
340 828 510 878 equitum
526 828 703 866 dextrum
723 842 843 866 cornu
863 829 1216 874 circumveniretur,

81 890 258 927 celeriter
278 902 328 927 ex
346 890 459 926 tertia
477 889 560 926 acie
578 889 745 939 singulas
760 890 938 927 cohortes
958 890 1139 935 detraxit,
1158 897 1214 927 at-

80 963 154 1001 que
174 963 223 987 ex
249 950 308 986 his
327 957 496 1000 quartam
524 949 700 994 instituit,
729 950 990 1001 equitatuique
1019 951 1217 1001 opposuit;

80 1018 134 1056 et,
168 1010 259 1062 quid
289 1010 371 1047 fieri
389 1010 517 1056 vellet,
545 1010 734 1053 ostendit;
761 1011 999 1062 monuitque,
1029 1013 1110 1061 ejus
1139 1011 1215 1049 diei

78 1071 276 1110 victoriam
293 1072 330 1108 in
345 1084 473 1109 earum
490 1070 703 1108 cohortium
723 1072 862 1109 virtute
879 1080 1067 1109 constare.
1096 1072 1215 1109 Simul

80 1132 216 1170 tertiae
235 1132 345 1177 aciei,
365 1132 512 1182 totique
532 1131 735 1177 exercitui,
767 1131 981 1182 imperavit,
1001 1145 1049 1169 ne
1069 1133 1214 1182 injussu

78 1206 146 1231 suo
166 1200 436 1231 concurreret:
464 1205 518 1238 se,
539 1206 654 1243 quum
674 1192 713 1229 id
732 1193 813 1230 fieri
831 1193 961 1239 vellet,
979 1193 1119 1231 vexillo
1139 1194 1214 1244 sig-

76 1267 167 1292 num
186 1254 376 1292 daturum.

129 1315 213 1353 XC.
267 1314 491 1352 Exercitum
522 1328 639 1366 quum
658 1316 810 1353 militari
842 1329 948 1353 more
968 1316 1016 1353 ad
1045 1328 1213 1365 pugnam

77 1375 355 1421 cohortaretur,
375 1388 516 1426 suaque
538 1376 576 1412 in
592 1389 678 1413 eum
698 1377 873 1426 perpetui
889 1377 1071 1427 temporis
1092 1377 1215 1414 officia

77 1435 332 1487 praedicaret,
351 1436 388 1472 in
407 1437 537 1486 primis
557 1437 882 1482 commemoravit,
902 1437 1062 1474 testibus
1081 1450 1120 1474 se
1144 1438 1214 1473 mi-

75 1497 206 1534 litibus
225 1497 280 1534 uti
298 1509 424 1547 posse,
444 1504 587 1548 quanto
605 1497 732 1535 studio
750 1509 885 1547 pacem
904 1499 1086 1547 petisset;
1114 1510 1213 1548 quae

73 1570 143 1608 per
162 1556 356 1594 Vatinium
372 1558 408 1594 in
428 1557 641 1608 colloquiis,
661 1570 758 1607 quae
777 1569 846 1607 per
863 1558 913 1594 A.
929 1558 1105 1595 Clodium
1125 1570 1212 1595 curn

77 1617 255 1668 Scipione
274 1617 432 1667 egisset;
452 1617 589 1668 quibus
608 1617 729 1654 modis
747 1617 795 1654 ad
810 1616 969 1654 Oricum
988 1630 1076 1654 curn
1095 1617 1213 1655 Libo-

75 1690 124 1715 ne
144 1678 192 1715 de
222 1678 417 1716 mittendis
445 1678 580 1729 legatis
609 1677 891 1716 contendisset:
928 1691 1054 1729 neque
1082 1692 1122 1716 se
1143 1692 1213 1716 un-

74 1751 187 1790 quam
205 1739 310 1777 abuti
325 1739 486 1776 militum
505 1740 704 1789 sanguine,
725 1751 849 1789 neque
865 1739 1140 1789 rempublicam
1159 1741 1212 1778 al-

73 1806 221 1837 terutro
236 1800 409 1838 exercitu
429 1799 590 1850 privare,
608 1799 782 1837 voluisse.
819 1799 907 1836 Hac
926 1800 1056 1838 habita
1071 1801 1211 1839 oratio-

73 1872 136 1904 ne,
164 1859 461 1910 exposcentibus
479 1859 675 1906 militibus,
701 1867 741 1896 et
759 1859 886 1897 studio
904 1873 1056 1911 pugnae
1074 1861 1210 1899 arden-

73 1920 189 1966 tibus,
207 1920 300 1957 tuba
318 1919 468 1970 signum
488 1919 608 1958 dedit.

123 1980 229 2019 XCI.
283 1980 375 2017 Erat
404 1981 600 2018 Crastinus
619 1988 800 2019 evocatus
819 1981 854 2018 in
876 1982 1051 2020 exercitu
1071 1983 1211 2021 Caesa-

72 2041 136 2087 ris,
156 2042 221 2092 qui
240 2041 435 2092 superiore
454 2054 554 2079 anno
568 2042 671 2092 apud
685 2054 772 2079 eum
792 2043 955 2093 primum
971 2043 1087 2093 pilum
1103 2044 1141 2080 in
1156 2045 1210 2083 le-

72 2102 186 2152 gione
201 2115 227 2138 x
246 2101 426 2147 duxerat,
444 2102 500 2139 vir
517 2102 699 2153 singulari
717 2103 871 2140 virtute.
907 2103 1000 2148 Hic,
1020 2104 1129 2154 signo
1143 2104 1210 2142 da-

70 2169 126 2207 to,
159 2167 186 2185 “
208 2162 418 2213 Sequimini
437 2163 542 2207 me,’'
575 2163 710 2214 inquit,
731 2168 757 2186 “
775 2164 1030 2214 manipulares
1049 2165 1124 2202 mei
1144 2166 1209 2216 qui

73 2226 100 2244 “
119 2220 264 2265 suistis;
288 2230 328 2259 et
345 2230 472 2260 vestro
491 2223 723 2274 imperatori,
751 2236 862 2274 quam
882 2225 1148 2271 constituistis,
1169 2238 1210 2263 o-

73 2285 99 2305 “
116 2295 246 2332 peram
262 2282 372 2320 date:
392 2296 511 2320 unum
525 2283 599 2321 hoc
612 2284 798 2335 proelium
811 2293 1004 2336 superest;
1025 2299 1101 2336 quo
1114 2298 1209 2324 con-

73 2347 99 2365 “
119 2341 236 2390 fecto,
264 2350 304 2382 et
335 2343 398 2381 ille
418 2356 524 2381 suam
544 2344 784 2395 dignitatem,
813 2353 853 2383 et
873 2359 940 2384 nos
968 2353 1135 2384 nostram
1163 2346 1207 2384 li-
