1472 2664
330 275 406 313 DE
433 276 611 315 BELLO
639 277 777 315 HISP.
804 277 980 317 LIBER.
1152 284 1228 321 ‘239

94 391 143 429 pe
158 378 196 417 in
210 380 347 417 nostris
361 379 530 430 partibus
544 380 670 418 locum
686 381 883 420 tenuisset.
914 381 1012 419 Item
1028 381 1229 433 insequen-

93 440 123 476 ti
151 440 213 478 die
238 440 369 478 eadem
390 441 666 479 consuetudine
691 442 782 479 dum
800 442 951 492 longius
975 443 1229 493 prosequitur,

92 514 168 550 quo
186 501 272 538 loco
291 501 438 552 equites
464 501 581 539 nostri
601 503 802 540 stationem
831 503 1054 548 habuerant,
1086 504 1231 554 aliquot

92 568 239 600 turmae
258 574 345 599 cum
364 562 437 599 levi
452 570 655 609 armatura,
674 563 818 613 impetu
832 562 948 608 facto,
967 563 1053 600 loco
1065 573 1154 601 sunt
1165 564 1230 601 de-

86 623 231 672 jectae,
264 629 317 667 et,
347 630 504 673 propter
531 623 764 673 paucitatem
796 631 1012 661 nostrorum
1045 624 1230 674 equiturn,

87 683 198 720 simul
225 695 312 721 eum
331 683 405 720 levi
429 691 619 721 armatura
636 684 734 721 inter
763 691 905 721 turmas
929 683 1228 723 adversariorum

87 743 282 793 protritae.
337 743 426 781 Hoc
452 744 490 781 in
509 752 720 794 conspectu
747 752 992 795 utrorumque
1018 753 1227 783 castrorum

85 804 313 853 gerebatur:
341 812 379 842 et
399 806 541 854 majore
569 804 792 855 PompeIani
821 805 1067 844 exsultabant
1091 806 1228 857 gloria,

82 864 235 914 longius
254 865 371 915 quod,
390 865 529 902 nostris
544 865 782 910 cedentibus,
802 865 983 916 prosequi
1000 866 1228 917 coepissent.

87 926 164 967 Qui
181 939 298 976 quum
313 925 439 975 aliquo
458 925 544 962 loco
560 938 582 963 a
597 925 734 963 nostris
749 926 896 976 recepti
914 935 1054 972 essent,
1075 933 1117 964 ut
1136 940 1226 965 con-

83 987 269 1032 suessent,
289 999 338 1023 ex
358 986 468 1023 simili
487 987 626 1023 virtute
641 986 807 1024 clamore
821 986 938 1032 facto,
957 987 1118 1025 aversati
1136 995 1224 1025 sunt

83 1046 268 1095 proelium
289 1046 428 1083 facere.

135 1105 221 1143 XV.
274 1105 370 1144 Fere
389 1107 491 1157 apud
510 1107 703 1144 exercitus
721 1107 817 1145 haec
836 1114 894 1144 est
912 1107 1098 1158 equestris
1116 1120 1227 1158 proe-

81 1168 122 1206 lii
141 1169 379 1206 consuetudo
396 1181 404 1204 :
432 1181 549 1218 quum
568 1180 686 1218 eques
705 1168 753 1205 ad
772 1168 1043 1214 dimicandum,
1070 1167 1224 1206 dimisso

80 1242 194 1280 equo,
214 1241 301 1265 cum
328 1228 456 1278 pedite
476 1228 736 1278 congreditur,
764 1242 1002 1280 nequaquam
1022 1242 1090 1280 par
1108 1229 1224 1267 habe-

78 1296 152 1327 tur.
201 1288 246 1326 Id
266 1288 368 1338 quod
388 1288 425 1324 in
445 1287 519 1325 hoc
538 1287 678 1325 accidit
697 1288 917 1326 certamine.
970 1290 1096 1330 Quum
1118 1289 1223 1339 pedi—

79 1357 150 1396 tes,
169 1362 218 1387 ex
238 1350 311 1387 levi
330 1357 522 1387 armatura
543 1349 646 1394 lecti,
666 1349 714 1386 ad
730 1362 909 1400 pugnam,
929 1350 1121 1401 equitibus
1137 1363 1225 1388 nos-

79 1412 148 1449 tris
166 1423 239 1449 nec
258 1410 516 1461 opinantibus,
544 1410 750 1455 venissent,
779 1410 893 1460 idque
911 1411 949 1447 in
978 1411 1123 1460 proelio
1142 1411 1221 1449 ani-

77 1472 316 1509 madversum
336 1478 460 1514 esset;
489 1470 703 1520 complures
723 1483 771 1508 cx
792 1471 899 1522 equis
927 1471 1221 1510 descenderunt.

77 1531 138 1570 Ita
167 1532 311 1583 exiguo
340 1540 512 1583 tempore
542 1544 660 1582 eques
689 1531 882 1582 pedestre,
909 1533 1027 1583 pedes
1046 1541 1222 1583 equestre

75 1593 262 1643 proelium
281 1592 410 1631 facere
428 1594 569 1643 coepit,
590 1605 710 1642 usque
730 1605 789 1638 e0,
809 1600 851 1630 ut
870 1594 1025 1630 caedem
1047 1594 1220 1644 proxime

74 1666 96 1690 a
114 1653 215 1690 vallo
241 1653 429 1697 fecerint;
457 1654 495 1690 iu
517 1666 593 1703 quo
623 1653 768 1703 proelio
788 1653 1087 1691 adversariorum
1116 1655 1218 1692 ceci-

77 1715 219 1752 derunt
237 1726 388 1760 cxx111,
407 1714 701 1764 compluresque
720 1714 832 1751 armis
852 1715 972 1760 exuti,
1004 1715 1114 1753 multi
1142 1716 1223 1753 vul-

76 1775 230 1813 neribus
248 1774 373 1812 affecti
402 1775 439 1811 in
469 1780 594 1811 castra
620 1781 708 1811 sunt
727 1775 894 1812 redacti:
923 1775 1042 1812 nostri
1072 1776 1223 1814 cecide-

75 1842 164 1873 runt
186 1850 260 1881 ηις
287 1835 406 1873 saucii
424 1847 487 1872 xu
507 1835 669 1885 pedites,
689 1835 836 1885 equites
856 1847 895 1872 v,
954 1835 1048 1885 Ejus
1066 1836 1142 1873 diei
1161 1837 1217 1873 in-

74 1897 249 1946 sequenti
282 1903 466 1946 tempore,
501 1895 660 1945 pristina
692 1894 968 1932 consuetudine
1003 1908 1072 1946 pro
1103 1909 1212 1933 muro

74 1958 238 2006 pugnari
257 1964 435 2006 coeptum
456 1964 525 1993 est.
579 1956 706 1997 Quum
725 1955 824 1992 bene
851 1969 1026 2006 magnam
1046 1957 1217 1995 multitu·

73 2016 202 2053 dinem
230 2017 394 2054 telorum
418 2017 621 2066 ignemque
649 2016 787 2054 nostris
806 2016 1101 2055 defendentibus
1120 2018 1214 2067 inje-

72 2077 227 2123 cissent,
248 2076 456 2114 nefandum
477 2076 855 2127 crudelissimumque
874 2077 1024 2115 facinus
1043 2085 1132 2115 sunt
1151 2091 1216 2129 ag·

70 2135 204 2185 gressi,
232 2135 271 2173 in
290 2144 579 2187 conspectuque
601 2145 733 2174 nostro
760 2137 942 2188 hospites,
969 2139 1032 2188 qui
1051 2139 1089 2175 in
1109 2139 1218 2190 oppi-

69 2196 119 2233 do
147 2204 270 2243 erant,
301 2197 493 2246 jugulare,
526 2203 566 2234 et
592 2198 640 2234 de
659 2211 767 2234 muro
795 2199 1022 2249 praecipites
1050 2199 1218 2245 mittere,

69 2265 292 2307 coeperunt,
319 2257 419 2294 sicut
437 2258 538 2307 apud
556 2259 736 2295 barbaros
756 2274 766 2302 ;
794 2259 898 2310 quod
916 2268 1003 2311 post
1022 2260 1217 2298 hominum

66 2317 286 2355 memoriam
305 2330 500 2368 nunquam
519 2326 578 2356 est
605 2318 760 2356 factum.
