1472 2664
291 292 365 331 DE
394 292 571 330 BELLO
600 293 776 332 AFRIC.
811 292 988 330 LIBER.
1142 294 1216 331 203

77 394 131 442 ni,
151 395 188 433 vi
204 395 399 435 universae
414 396 640 446 subitaeque
655 396 823 442 hostium
837 394 1090 433 multitudinis
1103 394 1216 445 pulsi,

74 468 279 507 parumper
297 464 506 494 cesserunt.
542 458 652 499 Quae
666 469 726 495 res
746 457 856 494 aliter
871 455 1095 494 adversariis
1115 455 1215 492 ceci-

73 515 155 553 dit:
175 528 337 568 namque
358 518 513 563 Caesar,
532 529 582 554 ex
601 517 727 562 medio
742 517 878 554 itinere
893 516 1012 567 copiis
1031 515 1214 559 reductis,

73 577 264 627 equitibus
285 578 362 616 suis
379 578 564 615 auxilium
583 578 692 615 tulit:
721 578 870 628 equites
889 584 1032 622 autem,
1051 576 1218 614 adventu

73 636 270 687 legionum
289 638 414 680 animo
433 638 577 684 addito,
597 639 788 676 conversis
808 638 930 689 equis,
951 638 990 674 in
1016 636 1217 682 Numidas,

75 696 213 747 cupide
232 698 476 748 insequentes
505 698 786 749 dispersosque,
813 699 999 748 impetum
1023 697 1214 741 fecerunt,

72 764 190 808 atque
209 770 274 795 eos
294 758 587 796 convulneratos
607 772 726 809 usque
745 759 784 796 in
804 767 927 802 castra
945 758 1051 808 regia
1066 757 1216 808 repule-

75 824 178 864 runt,
197 817 414 870 multosque
434 832 483 856 ex
498 818 542 856 iis
556 819 844 858 interfecerunt.
882 819 996 864 Quod
1015 819 1054 855 ni
1069 818 1107 855 in
1127 831 1218 855 noc-

78 884 157 916 tem
174 879 360 929 proelium
378 886 478 917 esset
497 881 730 930 conjectum,
756 880 955 931 pulvisque
974 886 1087 917 vento
1105 879 1219 921 flatus

74 938 242 976 omnium
257 948 464 990 prospectu
482 940 690 988 offecisset,
714 942 740 978 J
744 941 818 979 uba
837 954 924 979 cum
939 940 1110 978 Labieno
1130 951 1219 990 cap-

79 1000 108 1037 ti
121 1000 160 1036 in
172 1008 401 1051 potestatem
418 1001 591 1038 Caesaris
602 1002 812 1046 venissent3
838 1001 1105 1052 equitatusque
1128 1013 1217 1037 Cum

74 1061 147 1099 levi
166 1069 359 1099 armatura
371 1061 542 1099 funditus
558 1062 606 1100 ad
620 1062 921 1100 internecionem
937 1062 1085 1099 deletus
1103 1068 1217 1099 esset.

79 1122 239 1160 Interim
254 1122 530 1160 incredibiliter
549 1135 599 1160 ex
617 1122 831 1172 legionibus
850 1134 896 1159 1v
911 1129 951 1160 et
965 1134 1010 1160 vi
1033 1121 1219 1172 Scipionis

76 1182 216 1220 milites
235 1182 434 1233 diffugere,
459 1183 598 1232 partim
618 1182 656 1219 in
676 1190 801 1221 castra
819 1183 1005 1228 Caesaris,
1024 1182 1162 1232 partim
1181 1182 1220 1217 in

75 1255 168 1294 quas
188 1243 347 1294 quisque
366 1249 518 1294 poterat
536 1243 713 1293 regiones
731 1244 955 1294 pervenire:
986 1242 1155 1292 itemque
1175 1254 1214 1278 e-

74 1303 202 1354 quites
218 1303 453 1349 Curioniani,
473 1303 581 1341 diffisi
598 1303 767 1355 Scipioni
786 1306 946 1355 ejusque
961 1303 1094 1354 copiis,
1114 1315 1219 1340 com-

76 1364 205 1415 plures
223 1376 264 1402 se
284 1364 420 1401 eodem
440 1363 700 1402 conferebant.

127 1424 239 1461 LIII.
291 1424 397 1461 Dum
414 1424 512 1463 haec
531 1425 676 1463 circum
692 1424 845 1463 Uzitam
866 1426 912 1464 ab
929 1424 1098 1475 utrisque
1114 1424 1221 1462 duci-

76 1486 148 1523 bus
167 1485 494 1531 administrantur,
512 1485 683 1536 legiones
703 1485 816 1531 duae,
837 1498 881 1522 1x
900 1493 940 1523 et
958 1499 999 1532 x,
1019 1499 1068 1523 ex
1089 1484 1219 1523 Sicilia

75 1547 235 1585 navibus
255 1546 438 1584 onerariis
466 1545 677 1597 profectae,
707 1559 824 1597 quum
838 1549 918 1596 jam
946 1559 1023 1583 non
1050 1546 1164 1596 longe
1196 1558 1221 1582 a

76 1617 192 1662 portu
211 1609 407 1660 Ruspinae
422 1610 612 1656 abessent,
633 1610 878 1660 conspicatae
894 1622 1007 1649 naves
1024 1608 1220 1647 Caesaria-

77 1684 161 1717 nas,
191 1683 289 1721 quae
307 1670 346 1707 in
364 1671 529 1709 statione
548 1671 650 1721 apud
677 1670 873 1721 Thapsum
903 1671 1067 1715 stabant,
1096 1668 1220 1715 veriti,

77 1744 128 1769 ne
147 1732 186 1768 in
205 1731 519 1777 adversariorum,
548 1738 590 1768 ut
610 1731 812 1769 insidiandi
842 1732 965 1781 gratia
982 1731 1036 1768 ibi
1055 1743 1223 1769 commo-

79 1795 258 1839 rantium,
278 1793 439 1830 classem
459 1792 687 1839 inciderent,
707 1792 970 1843 imprudentes
988 1791 1073 1830 vela
1102 1791 1141 1827 in
1170 1790 1223 1827 al-

79 1862 162 1892 tum
194 1854 384 1891 dederunt
399 1869 409 1896 3
435 1866 494 1898 ac,
526 1853 591 1890 diu
620 1853 858 1903 multumque
886 1852 1036 1902 jactati,
1065 1851 1220 1889 tandem

78 1914 209 1952 multis
240 1921 327 1965 post
356 1914 490 1951 diebus
510 1913 572 1951 siti
601 1913 805 1964 inopiaque
825 1912 992 1951 confecti
1011 1912 1060 1950 ad
1083 1912 1223 1950 Caesa-

80 1988 162 2013 rem
182 1975 424 2026 perveniunt.

130 2036 236 2073 LIV,
281 2035 429 2078 Quibus
447 2034 663 2085 legionibus
678 2034 876 2086 expositis,
895 2047 1042 2072 memor
1056 2034 1094 2072 in
1112 2033 1226 2072 Italia

85 2096 268 2148 pristinae
299 2096 477 2134 licentiae
509 2095 680 2133 militaris
707 2109 752 2133 ac
784 2096 1000 2146 rapinarum
1032 2102 1226 2134 certorum

86 2158 298 2204 hominum,
325 2157 520 2207 parvulam
538 2156 652 2194 modo
671 2157 883 2194 caussulam
909 2164 1045 2194 nactus
1071 2158 1226 2202 Caesar,

86 2218 191 2268 quod
209 2218 254 2255 C.
274 2217 462 2262 Avienus,
480 2217 655 2255 tribunus
674 2217 835 2255 militum
855 2229 881 2254 x
898 2217 1073 2267 legionis,
1091 2229 1227 2254 navem

86 2285 319 2323 commeatu,
337 2276 479 2315 familia
497 2289 578 2322 sua,
597 2284 712 2327 atque
725 2276 924 2327 jumentis,
949 2276 1227 2327 occupavisset,

87 2350 213 2390 neque
231 2338 388 2376 militem
408 2350 525 2376 unum
544 2338 591 2377 ab
608 2337 738 2376 Sicilia
750 2338 976 2386 sustulisset,
995 2344 1150 2388 postero
1164 2337 1227 2374 die
