1472 2664
539 258 703 296 LIBER
756 260 789 296 Ι.
1168 261 1214 298 21

84 370 162 401 tum
187 364 265 412 jam
285 362 386 399 diem
411 361 493 398 sine
513 362 651 412 pabulo
670 361 828 399 retentis
854 359 1050 410 jumentis,
1081 373 1217 411 aquae,

83 424 286 473 lignorum,
306 422 499 466 frumenti,
521 422 646 472 inopia
665 421 898 471 colloquium
917 428 1053 470 petunt
1069 436 1079 464 ;
1106 427 1146 457 et
1164 420 1216 466 id,

82 483 114 519 si
132 482 213 519 fieri
232 481 364 532 possit,
383 489 530 518 semoto
549 494 571 518 a
589 482 770 518 militibus
787 481 885 518 loco.
942 481 1014 519 Ubi
1031 481 1069 518 id
1084 493 1106 518 a
1121 481 1218 518 Cae-

82 555 165 579 sare
180 550 373 592 negatum,
389 550 440 587 et,
456 542 579 592 palam
594 542 623 578 si
641 541 803 592 colloqui
820 541 974 585 vellent,
994 553 1218 578 concessum

83 610 166 646 est;
193 602 302 639 datur
322 602 462 639 obsidis
487 602 573 639 loco
594 602 746 639 Caesari
766 602 864 638 filius
886 601 1047 639 Afranii.
1102 601 1219 638 Veni-

83 670 145 699 tur
173 662 210 698 in
232 675 317 699 eum
339 662 478 708 locum,
512 675 624 713 quem
646 663 787 699 Caesar
811 662 965 712 delegit.
1021 662 1217 699 Audiente

81 730 244 773 utroque
263 723 452 768 exercitu,
471 723 638 774 loquitur
658 722 861 760 Afranius:
882 735 957 759 non
977 735 1059 760 esse
1079 731 1145 760 aut
1164 723 1219 773 ip·

81 783 132 820 sis
150 790 216 820 aut
235 783 416 820 militibus
435 784 753 828 succensendum,
786 783 888 834 quod
906 783 1019 820 fidem
1040 795 1131 833 erga
1149 784 1218 820 im-

82 851 296 893 peratorem
317 856 439 890 suum,
473 845 543 882 Cn.
574 844 813 894 Pompeium,
845 856 1069 881 conservare
1090 843 1219 881 volue-

82 911 195 946 runt;
228 903 295 940 sed
315 904 403 940 satis
425 906 503 953 jam
523 904 658 941 fecisse
679 903 815 948 officio,
847 903 1014 953 satisque
1044 903 1220 954 supplicii

83 963 228 1008 tulisse,
259 976 460 1014 perpessos
480 964 647 1000 omnium
667 976 793 999 rerum
813 962 979 1012 inopiam
996 976 1004 998 :
1034 975 1135 999 nunc
1156 975 1220 999 ve-

82 1036 139 1069 ro,
169 1036 291 1073 paene
321 1032 364 1060 ut
393 1024 506 1070 feras,
539 1023 863 1068 circummunitos,
895 1022 1086 1072 prohiberi
1105 1035 1220 1072 aqua,

81 1083 275 1134 prohiberi
308 1084 501 1133 ingressu;
535 1097 660 1134 neque
693 1096 851 1133 corpore
879 1084 1062 1128 dolorem,
1095 1096 1220 1133 neque

80 1144 208 1180 animo
228 1144 486 1193 ignominiam,
506 1143 604 1181 ferre
621 1156 754 1194 posse:
781 1144 908 1194 itaque
928 1156 968 1180 se
988 1143 1110 1180 victos
1129 1156 1220 1181 con·

80 1203 201 1240 fiteri:
230 1216 338 1240 orare
357 1212 472 1254 atque
500 1205 717 1249 obsecrare,
747 1204 778 1240 si
798 1205 861 1254 qui
882 1204 987 1240 locus
1007 1203 1221 1242 misericor-

81 1264 166 1301 diae
185 1263 434 1314 relinquatur,
464 1277 511 1302 ne
532 1265 580 1302 ad
600 1264 774 1301 ultimum
793 1264 1021 1314 supplicium
1041 1264 1220 1314 progredi

80 1336 238 1362 necesse
259 1325 436 1363 habeant.
475 1325 586 1363 Haec
600 1338 712 1376 quam
731 1332 859 1376 potest
879 1324 1144 1362 demississime
1163 1333 1220 1362 at·

79 1396 153 1434 que
173 1385 451 1434 subjectissime
471 1385 643 1435 exponit.

131 1443 351 1496 LXXXV..
386 1445 450 1482 Ad
469 1458 515 1483 ea
535 1445 675 1483 Caesar
693 1446 910 1496 respondit:
937 1445 1030 1482 nulli
1051 1446 1219 1483 omnium

78 1505 148 1542 has
165 1513 306 1555 partes,
337 1505 395 1542 vel
416 1506 689 1556 querimoniae,
721 1507 780 1544 vel
800 1506 1066 1551 miserationis,
1096 1506 1221 1544 minus

79 1566 323 1603 convenisse:
344 1566 511 1617 reliquos
530 1567 630 1604 enirn
650 1580 782 1604 omnes
801 1581 910 1604 suum
930 1567 1093 1604 officium
1109 1580 1220 1617 prae-

78 1626 233 1670 stitisse;
255 1640 310 1672 se,
330 1627 393 1677 qui
409 1627 522 1664 etiam
538 1628 640 1665 bona
654 1627 890 1673 conditione,
910 1635 949 1664 et
964 1627 1050 1665 loco
1066 1635 1105 1664 et
1124 1636 1219 1664 tem-

77 1700 172 1738 pore
190 1699 328 1738 aequo,
349 1687 557 1738 confligere
577 1688 755 1733 noluerit,
781 1695 823 1725 ut
843 1701 955 1738 quam
977 1688 1222 1737 integerrima

78 1754 207 1784 essent
225 1747 274 1784 ad
292 1760 427 1797 pacem
447 1747 598 1791 omnia;
626 1747 837 1785 exercitum
858 1760 982 1792 suum,
1011 1747 1090 1797 qui,
1122 1747 1220 1797 inju-

78 1809 134 1846 ria
153 1807 266 1846 etiam
288 1815 461 1859 accepta,
482 1807 635 1858 suisque
650 1807 875 1853 interfectis,
896 1820 991 1858 quos
1010 1807 1048 1844 in
1068 1820 1135 1844 sua
1154 1821 1221 1858 po-

78 1876 218 1907 testate
237 1869 426 1914 habuerit,
447 1868 695 1914 conservarit,
726 1877 765 1906 et
798 1869 937 1905 texerit
955 1884 964 1911 3
996 1867 1096 1904 illius
1115 1868 1221 1905 deni-

81 1942 156 1980 que
176 1930 370 1968 exercitus
390 1929 543 1975 milites,
570 1929 634 1980 qui
654 1943 722 1979 per
740 1942 780 1966 se
801 1929 849 1966 de
869 1928 1109 1966 concilianda
1127 1941 1222 1979 pace

78 1991 241 2040 egerint,
262 1990 389 2041 quain
406 2003 446 2027 re
467 1990 634 2027 omnium
654 2003 810 2027 suorum
831 1990 930 2027 vitae
946 1989 1222 2027 consulendum

77 2051 260 2102 putarint.
297 2051 352 2088 sic
372 2051 539 2088 omnium
560 2050 735 2088 ordinum
755 2058 882 2101 partes
902 2050 939 2086 in
960 2050 1221 2088 misericordia

79 2111 313 2155 constitisse3
332 2111 433 2162 ipsos
450 2112 568 2149 duces
587 2124 609 2149 a
620 2124 716 2162 pace
733 2110 990 2149 abhorruisse:
1011 2123 1076 2148 eos
1097 2123 1222 2161 neque

78 2171 314 2209 induciarum
327 2173 414 2220 jura
428 2172 611 2217 servasse,
631 2179 670 2208 et
687 2172 860 2209 homines
874 2171 1084 2222 imperitos,
1103 2179 1142 2208 et
1155 2184 1223 2221 per

80 2230 312 2281 colloquium
334 2232 533 2282 deceptos,
553 2232 814 2270 crudelissime
834 2232 1086 2270 interfecisse.
1142 2233 1223 2268 Ac-

81 2291 216 2329 cidisse
236 2291 351 2341 igitur
369 2292 442 2339 his,
475 2292 578 2344 quod
608 2293 833 2344 plerumque
862 2293 1077 2330 horninibus
1107 2292 1226 2330 nimia
