1472 2664
315 275 388 312 DE
417 275 594 313 BELLO
625 275 785 313 ALEX.
812 275 989 314 LIBER.
1147 280 1218 321 151

88 376 180 415 teris
199 377 394 415 Cornificii
412 378 461 415 ad
479 378 662 416 auxilium
683 378 901 429 provinciae
920 378 1119 416 ferendum
1136 391 1224 417 evo·

88 445 261 480 caretur;
288 446 327 476 et
356 438 412 475 M.
447 439 649 477 Octavium
677 439 826 476 audiret
845 451 932 476 cum
959 438 1128 476 barbaris
1146 439 1227 477 foe-

86 497 178 534 dera
190 499 434 548 percussisse,
455 499 790 550 compluribusque
805 499 898 536 locis
917 506 1135 536 nostrorum
1154 500 1224 536 mi-

83 557 192 594 litum
213 571 435 608 oppugnare
455 560 654 609 praesidia,
685 560 822 609 partim
843 559 961 597 classe
979 571 1048 609 per
1065 572 1121 604 se,
1140 572 1226 610 par-

83 618 150 654 tim
166 618 407 668 pedestribus
426 621 546 670 copiis
565 634 633 670 per
650 621 833 657 barbaros
849 636 857 664 ;
886 620 972 666 etsi,
998 622 1104 671 gravi
1124 622 1225 659 vale·

83 678 215 716 tudine
229 679 401 725 affectus,
420 680 484 717 vix
503 681 672 731 corporis
689 680 832 718 viribus
850 681 1016 718 animum
1036 683 1223 733 sequeba-

82 746 159 785 tur,
184 747 311 777 tamen
329 740 470 778 virtute
489 740 580 778 vicit
609 741 894 778 incommodum
923 750 1096 787 naturae,
1129 742 1222 779 diffi-

82 799 319 850 cultatesque
338 808 378 839 et
397 801 531 838 hiemis
550 809 589 838 et
605 801 752 838 subitae
768 802 1080 852 praeparationis.
1111 802 1223 848 Nam,

81 874 196 912 quum
216 862 296 912 ipse
315 875 456 912 paucas
476 862 514 898 in
529 870 642 912 portu
656 875 771 899 naves
791 862 925 913 longas
943 863 1118 909 haberet,
1138 863 1223 901 lite-

80 934 140 960 ras
158 922 404 960 in‘Achaiarn
424 923 472 960 ad
492 924 540 964 Q.
556 923 747 960 Kalenum
768 923 882 968 misit,
904 923 959 961 uti
973 923 1046 961 sibi
1065 924 1225 962 classem

80 982 249 1019 mitteret
266 996 274 1018 :
303 983 408 1033 quod
427 997 542 1033 quum
559 983 702 1020 tardius
724 983 847 1029 fieret,
875 997 989 1034 quam
1009 984 1224 1034 periculum

79 1050 297 1080 nostrorum
317 1043 528 1093 flagitabat,
558 1043 622 1094 qui
649 1043 837 1080 sustinere
856 1044 1041 1094 impetum
1073 1043 1225 1082 Octavii

80 1116 156 1140 non
176 1111 353 1154 poterant
370 1120 380 1147 ;
406 1104 565 1142 navibus
582 1104 778 1150 actuariis,
808 1117 968 1154 quarum
986 1117 1168 1142 numerus
1185 1119 1224 1142 e-

79 1171 137 1201 rat
164 1164 255 1202 satis
287 1177 461 1215 magnus,
488 1163 752 1213 magnitudine
783 1177 1000 1215 quanquam
1031 1177 1108 1201 non
1133 1165 1225 1202 satis

73 1225 178 1274 justa
190 1224 240 1261 ad
257 1224 538 1274 proeliandum,
556 1232 680 1261 roz-tra
694 1224 887 1275 imposuit.
913 1233 919 1238 ·
941 1224 1015 1261 His
1033 1225 1226 1274 adjunctis

79 1285 239 1322 navibus
255 1285 393 1335 longis,
412 1293 467 1331 et,
485 1297 646 1322 numero
667 1285 798 1322 classis
816 1293 946 1331 aucto,
964 1285 1147 1323 militibus
1161 1299 1224 1324 ve-

77 1345 220 1383 teranis
251 1345 450 1395 impositis,
480 1358 642 1395 quorum
669 1358 846 1395 magnam
865 1346 1014 1397 copiam
1043 1346 1226 1392 habebat,

78 1419 126 1445 ex
146 1406 322 1444 omnibus
340 1406 570 1456 legionibus,
603 1407 666 1456 qui
693 1419 854 1444 numero
873 1419 1075 1457 aegrorum
1097 1407 1222 1445 relicti

77 1474 186 1504 erant
206 1467 414 1512 Brundisii,
445 1480 561 1517 quum
580 1467 774 1505 exercitus
804 1467 843 1504 iu
875 1467 1080 1506 Graeciam
1100 1475 1222 1506 trans-

76 1534 319 1578 portat-etun
347 1528 544 1578 profectus
562 1535 619 1565 est
639 1527 676 1564 in
698 1527 910 1578 illyricum,
934 1528 1223 1580 maritimasque

56 1589 279 1630 ,nonnullas
312 1589 506 1634 civitates,
537 1601 634 1639 quae
653 1588 889 1633 defecerant,
922 1588 1162 1640 Octavioque
1181 1603 1224 1627 se

76 1650 325 1695 tradiderant,
355 1650 494 1701 partim
513 1649 738 1700 recipiebat,
766 1650 904 1700 partim
924 1658 1166 1688 remanentes
1184 1651 1223 1688 in

77 1723 145 1750 suo
165 1711 324 1749 consilio
342 1711 730 1761 praetervehebatur:
758 1723 830 1748 nec
845 1711 915 1748 sibi
932 1711 1042 1749 ullius
1062 1711 1118 1748 rei
1137 1725 1218 1749 mo-

74 1783 156 1809 tam
181 1771 528 1821 necessitatemque
558 1771 800 1820 injungebat,
825 1771 931 1822 quin,
958 1785 1072 1823 quarn
1100 1772 1222 1810 celer-

73 1832 168 1870 rime
187 1840 333 1882 posset,
356 1832 479 1882 ipsum
500 1831 706 1869 Octavium
723 1840 1032 1882 persequeretur.
1087 1833 1223 1879 Hunc,

74 1901 361 1944 oppugnantem
380 1892 614 1944 Epidaurum
637 1900 740 1930 terra
759 1893 944 1944 marique,
963 1894 1028 1931 ubi
1048 1903 1223 1933 metrum

75 1961 156 1991 erat
176 1954 420 2004 praesidium,
447 1954 616 1992 adventu
640 1966 711 1991 suo
737 1953 934 1992 discedere
954 1955 1003 1992 ab
1021 1968 1220 2007 oppugna-

74 2013 179 2051 tione
198 2015 342 2064 co'e'git,
359 2014 667 2064 praesidiumque
686 2022 856 2052 nostrum
878 2016 1038 2066 recepit·

125 2073 248 2111 XLV.
302 2074 501 2121 Octavius,
527 2087 643 2125 quum
675 2074 873 2112 Vatinium
892 2075 1052 2114 classem
1078 2089 1222 2126 magna

76 2146 126 2172 ex
145 2142 253 2184 parte
274 2134 490 2173 confectam
506 2148 553 2173 ex
570 2135 755 2173 naviculis
769 2136 948 2174 actuariis
964 2137 1105 2176 babere
1124 2150 1217 2187 cog-

74 2195 259 2242 novisset,
277 2196 443 2234 confisus
462 2209 531 2234 sua
549 2195 684 2241 classe,
698 2196 869 2234 substitit
881 2196 930 2234 ad
943 2197 1103 2235 insulam
1118 2198 1221 2235 Tau-

74 2255 216 2300 Mem
256 2269 331 2307 qua
364 2257 519 2308 regione
552 2257 727 2295 Vatinius
761 2258 965 2308 insequens
1002 2260 1225 2309 navigabat,

76 2328 155 2355 non
190 2311 293 2367 quod
331 2317 536 2356 Octavium
564 2318 616 2357 ihi
646 2318 830 2356 restitisse
860 2319 989 2367 sciret,
1019 2321 1089 2358 sed
1117 2320 1223 2372 quod
