1472 2664
236 262 287 297 56
551 260 625 299 DE
663 261 841 299 BELLO
884 261 1050 300 C1V1L1

238 361 357 398 cellus
377 375 463 399 cum
484 363 528 401 C.
550 364 746 416 Coponio;
776 366 1007 404 Liburnicae
1035 373 1149 416 atque
1180 365 1379 404 Achaicae¹

237 422 347 459 classi
376 424 597 463 Scribonius
628 426 724 464 Libo
749 434 788 463 et
809 427 866 464 M.
891 427 1085 464 Octavius.
1144 426 1232 464 'l'oti
1253 435 1379 464 tamen

236 483 359 520 officio
380 486 569 523 maritimo
587 486 642 523 Μ.
664 487 822 524 Bibulus
843 488 1082 538 praepositus
1103 495 1243 526 cuncta
1261 487 1379 524 admi-

234 544 445 583 nistrabat:
482 547 529 583 ad
551 548 652 585 hunc
672 561 819 586 summa
842 548 990 598 imperii
1012 548 1253 599 respiciebat.

287 606 355 643 VI.
409 608 564 653 Caesar,
601 617 640 646 ut
661 609 903 647 Brundisium
927 609 1042 655 venit,
1069 610 1319 646 concionatus
1341 621 1380 645 a·

233 667 311 717 pud
332 668 484 714 milites,
519 671 696 720 quoniam
717 683 835 721 prope
856 671 904 708 ad
923 670 1036 707 finem
1059 670 1229 707 laborum
1252 682 1296 706 ac
1316 682 1382 720 pe*-

233 727 439 765 riculorum
459 739 558 766 essct
572 740 810 781 perventum,
832 745 954 782 aequo
971 731 1098 768 animo
1116 731 1305 780 mancipia
1324 737 1380 767 at-

233 801 308 838 que
328 789 600 839 impedimenta
621 791 655 826 in
680 791 787 829 Italia
807 792 1087 842 relinquerent;
1115 791 1185 841 ipsi
1208 791 1382 841 expediti

231 862 348 886 naves
363 851 682 895 conscenderent,
699 866 774 902 quo
788 854 907 901 major
923 865 1102 889 numerus
1119 852 1278 889 militum
1296 864 1381 902 pos-

232 918 290 948 set
312 911 476 961 imponi;
509 913 711 962 omniaque
732 926 781 949 ex
814 913 972 949 victoria
992 921 1029 950 et
1051 927 1097 950 ex
1120 926 1188 950 sua
1215 912 1380 950 liberali-

231 978 310 1008 tate
341 980 564 1022 sperarent:
593 973 922 1010 conclamantibus
942 974 1130 1018 omnibus,
1161 973 1379 1023 imperaret,

233 1032 337 1081 quod
353 1032 465 1069 vellet
483 1049 492 1075 ;
523 1033 780 1083 quodcunque
802 1034 1075 1083 imperavisset,
1096 1045 1136 1069 se
1155 1045 1279 1083 aequo
1298 1033 1378 1070 ani-

231 1105 295 1129 mo
316 1106 398 1130 esse
418 1093 608 1137 facturos;
643 1095 764 1144 pridie
797 1095 926 1132 Nonas
945 1093 1147 1131 ‚lanuarias
1166 1106 1280 1130 naves
1307 1093 1380 1131 sol-

230 1153 297 1199 vit,
322 1154 522 1203 impositis,
543 1161 584 1191 ut
603 1167 717 1205 supra
737 1155 1039 1192 demonstratum
1060 1163 1130 1200 est,
1161 1154 1377 1204 legionibus

229 1226 303 1251 νυ.
359 1214 548 1252 Postridie
568 1223 707 1252 terram
729 1217 857 1266 attigit
877 1215 1165 1253 Cerauniorum.
1204 1214 1305 1252 Saxa
1324 1215 1380 1252 in·

231 1282 290 1312 ter
314 1283 353 1312 et
381 1276 454 1312 alia
473 1276 559 1313 loca
577 1276 792 1326 periculosa
813 1276 979 1326 quietam
1002 1285 1135 1313 nactus
1155 1275 1374 1321 stationem,

233 1343 273 1373 et
288 1344 420 1386 portus
437 1349 567 1373 omnes
584 1336 736 1382 timens,
757 1350 850 1387 quos
871 1336 993 1373 teneri
1013 1337 1060 1373 ab
1080 1335 1302 1373 adversariis
1317 1348 1378 1373 ar-

229 1397 457 1442 bitrabatur,
495 1397 542 1434 ad
570 1410 656 1434 eum
683 1397 825 1442 locum,
858 1396 920 1446 qui
943 1395 1160 1445 appellatur
1191 1395 1377 1442 Palaeste,

230 1458 407 1495 omnibus
437 1458 596 1495 navibus
625 1457 672 1494 ad
692 1470 806 1494 unam
838 1456 1106 1502 incolumibus,
1139 1456 1278 1493 milites
1308 1470 1376 1494 ex-

228 1519 369 1569 posuit.

282 1581 371 1617 Vll.
428 1580 522 1618 Erat
543 1580 650 1617 Orici
674 1579 880 1618 Lucretius
899 1579 1084 1630 Vespillo,
1116 1586 1154 1616 et
1184 1578 1378 1617 Minucius

230 1641 367 1685 Rufus,
403 1655 488 1678 cum
513 1641 694 1678 Asiaticis
714 1641 871 1678 navibus
891 1652 995 1685 xiix,
1026 1640 1163 1689 quibus
1189 1641 1299 1689 Jussu
1326 1640 1378 1677 D.

229 1701 351 1739 Laelii
371 1710 589 1752 praeci-ann
619 1701 675 1737 M.
698 1701 855 1738 Bibulus
876 1714 962 1739 cum
981 1701 1137 1736 navibus
1157 1712 1207 1736 cx
1229 1700 1374 1750 Corcy-

227 1775 305 1801 rae.
362 1763 437 1800 Sed
453 1775 578 1812 neque
599 1762 637 1807 ii,
657 1762 727 1798 sibi
743 1761 890 1806 confisi,
911 1773 959 1797 ex
979 1768 1090 1810 portu
1111 1760 1265 1810 prodire
1281 1769 1371 1798 sunt

227 1825 322 1871 ausi,
343 1837 457 1875 quum
480 1824 621 1861 Caesar
640 1824 793 1860 omniuo
814 1834 875 1859 x11
897 1835 1010 1858 naves
1031 1821 1162 1872 longas
1179 1822 1370 1872 pracsidio

226 1885 416 1929 duxisset,
436 1885 471 1920 in
494 1884 631 1934 quibus
651 1891 759 1920 eraut
780 1890 995 1920 constratae
1017 1895 1078 1919 iv:
1108 1895 1232 1933 neque
1255 1883 1371 1920 Bibu-

226 1946 297 1992 lus,
328 1945 518 1995 impeditis
538 1945 710 1989 navibus,
744 1944 996 1993 dispersisque
1026 1942 1246 1993 remigibus,
1279 1943 1371 1981 satis

227 2014 375 2043 mature
394 2006 575 2050 occurrit,
603 2005 706 2054 quod
725 2004 827 2054 prius
847 2004 895 2040 ad
915 2004 1176 2040 continentem
1192 2004 1293 2040 visus
1313 2012 1373 2042 est

229 2068 383 2112 Caesar,
405 2079 516 2117 quam
537 2067 584 2103 de
605 2068 687 2115 ejus
702 2065 869 2102 adventu
888 2065 989 2101 fama
1009 2064 1163 2102 omnino
1181 2064 1219 2100 in
1235 2077 1298 2102 eas
1314 2078 1372 2102 re-

226 2128 360 2178 giones
380 2127 627 2177 perterretur,

270 2187 382 2224 VIII.
422 2187 614 2236 Expositis
628 2186 822 2231 militibus,
839 2200 953 2224 naves
967 2187 1099 2224 eadem
1116 2193 1232 2224 nocte
1247 2186 1371 2223 Brun-

227 2248 361 2285 disium
379 2260 401 2284 a
423 2248 586 2284 Caesare
606 2246 865 2291 remittuntur,
888 2254 929 2283 ut
950 2246 1119 2296 reliquae
1138 2245 1308 2295 legiones
1329 2258 1368 2282 e·

228 2307 470 2359 quitatusque
499 2307 748 2358 transportari
766 2314 939 2358 possent.
993 2306 1100 2345 Huic
1119 2305 1242 2344 officio
1260 2317 1372 2357 prae?
