1472 2664
247 259 322 294 5220
708 257 757 293 A.
797 255 974 294 HIRTII

248 357 378 395 hostes
396 371 444 395 ne
464 358 603 395 Intrare
622 359 671 396 ad
689 371 743 405 se,
763 371 807 396 ac
826 359 911 396 loca
930 358 1109 395 interiora
1125 371 1276 408 capere,
1296 373 1381 410 pos-

246 426 344 455 sent.
399 419 528 470 Scipio
547 419 713 465 interim,
739 420 903 468 cognitis
923 419 1096 456 Caesaris
1128 420 1306 465 consiliis,
1333 421 1382 458 ad

242 479 511 517 necessitatem
543 480 730 517 adductus
766 480 985 524 dimicandi,
1022 493 1069 516 ne
1097 493 1164 529 per
1193 493 1380 518 summum

245 538 414 576 dedecus
442 540 641 578 fidissimos
659 540 736 577 suis
763 541 876 577 rebus
906 540 1158 589 Thapsitanos
1190 548 1229 576 et
1256 540 1382 590 Virgi-

244 598 335 636 lium
367 600 573 646 amitteret,
611 600 811 638 confestim
843 600 1047 637 Caesarem
1084 613 1151 650 per
1187 600 1384 650 superiora

243 659 329 696 loca
359 668 603 707 consecutus,
636 660 752 697 millia
783 672 960 711 passuum
982 672 1043 696 11x
1073 672 1095 697 a
1115 660 1267 711 Thapso
1286 661 1384 698 binis

245 720 377 757 castris
396 721 569 758 consedit

293 780 456 817 LXXX.
519 780 612 818 Erat
642 788 817 831 stagnum
843 781 1060 825 salinarum,
1091 780 1188 817 inter
1217 781 1322 831 quod
1343 790 1381 818 et

239 852 343 877 mare
375 840 573 890 angustiae
600 840 786 890 quaedam
806 853 880 877 non
900 840 1060 890 amplius
1090 841 1192 877 mille
1211 847 1251 877 et
1270 842 1379 890 quin-

239 908 375 950 gentos
406 913 537 951 passus
573 901 806 943 intererant;
852 913 944 950 quas
979 900 1107 950 Scipio
1144 901 1301 946 intrare,
1339 908 1379 937 et

239 961 481 1011 Thapsitanis
500 961 683 998 auxilium
700 960 813 1004 ferre,
834 961 1059 998 conabatur:
1093 960 1196 1009 quod
1211 960 1382 998 futurum

241 1022 442 1058 Caesarem
462 1034 538 1058 non
558 1020 758 1059 fefellerat.
806 1020 981 1070 Namque
1001 1021 1122 1069 pridie
1141 1021 1179 1057 in
1213 1033 1259 1058 eo
1291 1021 1377 1058 loco

239 1081 396 1118 castello
415 1082 577 1127 munito,
608 1081 736 1131 ibique
756 1081 856 1118 trino
886 1082 1075 1131 praesidio
1109 1081 1258 1126 relicto,
1296 1081 1375 1131 ipse

241 1154 327 1178 cum
346 1141 499 1192 reliquis
519 1142 639 1192 copiis
668 1141 807 1178 lunatis
827 1142 960 1178 castris
980 1141 1174 1191 Thapsum
1203 1141 1382 1190 operibus

238 1201 555 1240 circummunivit.
610 1202 738 1253 Scipio
757 1201 922 1247 interim,
951 1202 1131 1239 exclusus
1150 1204 1197 1240 ab
1227 1203 1382 1252 incepto

237 1263 389 1308 itinere,
408 1277 522 1313 supra
538 1271 716 1313 stagnum
735 1270 892 1313 postero
912 1262 974 1299 die
994 1269 1033 1299 et
1048 1269 1163 1299 nocte
1183 1262 1378 1308 confecto,

238 1323 348 1360 coelo
368 1324 535 1370 albente,
555 1337 630 1361 non
651 1324 765 1372 longe
781 1335 803 1359 a
817 1322 950 1360 eastris
966 1322 1245 1372 praesidioque,
1275 1324 1379 1372 quod

236 1396 351 1434 supra
377 1384 771 1429 commemoravimus,
799 1395 856 1420 MC
877 1383 1061 1434 passibus,
1098 1383 1145 1420 ad
1173 1396 1277 1420 mare
1297 1397 1380 1421 ver-

235 1455 298 1480 sus
318 1445 505 1490 consedit,
533 1452 573 1482 et
590 1452 715 1482 castra
739 1443 887 1481 munire
919 1444 1059 1492 coepit.
1125 1444 1239 1484 Quod
1272 1452 1374 1492 post-

237 1516 351 1554 quam
371 1504 525 1542 Caesari
553 1505 777 1543 nunciatum
797 1511 869 1548 est,
897 1503 1016 1540 milite
1035 1505 1082 1541 ab
1103 1517 1218 1554 opere
1238 1505 1380 1542 deduc-

236 1573 291 1610 te,
311 1564 445 1602 castris
463 1565 651 1615 praesidio
673 1565 891 1615 Asprenate
911 1564 1137 1613 proconsule
1154 1577 1240 1601 cum
1261 1564 1379 1614 legio-

236 1624 348 1662 nibus
370 1639 399 1662 ιι
430 1625 580 1671 relicto,
612 1625 692 1675 ipse
712 1637 799 1662 cum
819 1623 997 1674 expedita
1029 1624 1140 1674 copia
1158 1624 1195 1660 in
1215 1637 1302 1662 eum
1321 1625 1378 1662 lo-

236 1699 324 1723 cum
343 1686 488 1723 citatim
509 1685 731 1724 contendit:
763 1685 967 1734 classisque
985 1692 1094 1735 parte
1117 1685 1165 1722 ad
1185 1686 1379 1736 Thapsum

235 1746 371 1784 relicta
385 1747 549 1797 reliquas
565 1759 680 1783 naves
690 1746 801 1796 jubet
820 1751 906 1795 post
920 1745 1084 1782 hostium
1100 1754 1249 1796 tergum
1266 1760 1379 1796 quam

237 1807 403 1844 maxime
423 1807 470 1844 ad
485 1807 591 1844 littus
607 1806 761 1857 appelli,
781 1806 1007 1855 signumque
1023 1819 1132 1843 suum
1153 1807 1378 1851 observare;

236 1881 312 1917 quo
342 1868 451 1918 signo
471 1868 575 1913 dato,
607 1866 731 1904 subito
761 1866 926 1904 clamore
951 1866 1069 1912 facto,
1100 1881 1148 1905 ex
1177 1867 1380 1917 improviso

235 1927 408 1964 hostibus
439 1928 579 1965 aversis
604 1926 823 1964 incuterent
851 1933 1049 1972 terrorem,
1082 1934 1137 1972 ut,
1166 1928 1377 1977 perturbati

236 2001 281 2025 ac
300 1988 506 2038 perterriti,
527 1987 718 2038 respicere
737 1994 824 2037 post
843 1994 952 2036 terga
971 1995 1214 2037 cogerentur.

284 2048 471 2086 LXXXI.
525 2050 613 2090 Quo
632 2054 832 2098 postquam
862 2047 1004 2084 Caesar
1028 2048 1214 2097 pervenit,
1235 2055 1273 2085 ct
1300 2049 1378 2085 ani-

234 2109 439 2147 madvertit
467 2110 589 2146 aciem
617 2121 686 2158 pro
716 2108 815 2145 vallo
845 2107 1046 2158 Scipionis,
1075 2108 1374 2158 elephantosque

236 2171 374 2207 dextro
394 2169 623 2219 sinistroque
643 2181 763 2205 cornu
783 2168 1007 2214 collocatos,
1041 2177 1076 2206 ct
1107 2169 1225 2205 nihilo
1254 2170 1378 2206 minus

234 2237 382 2280 partem
400 2229 563 2266 militum
583 2235 706 2265 castra
724 2241 799 2265 non
819 2228 1006 2277 ignaviter
1025 2229 1193 2272 munire;
1227 2229 1318 2279 ipse,
1338 2241 1378 2266 a·

236 2291 294 2328 ‘zie
324 2289 465 2340 triplici
496 2289 696 2335 collocata,
730 2288 880 2338 legione
911 2302 936 2325 x
967 2290 1212 2345 secundaque
1243 2290 1379 2329 dextro
