1472 2664
243 229 290 263 10
551 225 626 263 DE
663 224 841 262 BELLO
883 223 1058 263 C1V1Lr

240 339 302 364 sos
331 326 491 377 insequi.
556 327 664 364 Totis
682 340 773 365 vero
802 328 933 365 castris
953 328 1091 366 milites
1119 327 1309 374 circulari,
1341 337 1380 366 et

240 387 385 433 dolere,
403 387 551 425 hostem
572 400 623 425 ex
640 388 814 425 manibus
832 388 986 434 dimitti,
1005 389 1146 426 bellum
1166 389 1391 428 necessario.

238 445 389 496 longius
403 447 512 485 duci:
542 447 784 485 centuriones
803 448 1051 498 tribunosque
1070 447 1231 484 militum
1259 447 1380 493 adire,

240 512 357 556 atque
376 507 592 552 obsecrare,
620 514 661 544 ut
687 520 757 556 per
775 519 840 544 eos
860 508 1000 545 Caesar
1019 508 1159 545 certior
1176 508 1300 553 fieret,
1332 521 1381 545 ne

239 565 360 603 labori
389 580 458 604 suo
482 580 557 604 neu
577 568 748 618 periculo
780 575 979 618 parceret:
1008 575 1160 618 paratos
1186 581 1267 606 esse
1285 581 1383 614 sese,

238 639 349 676 posse
368 634 407 664 et
426 628 568 665 audere
588 641 633 665 ea
661 628 822 666 transire
841 628 998 673 flumen,
1032 641 1106 678 qua
1136 629 1381 666 transductus

240 694 339 724 esset
358 687 563 738 equitatus.
616 689 789 729 Quorum
804 689 931 725 studio
951 697 989 726 et
1007 688 1164 726 vocibus
1178 688 1383 734 excitam,

240 747 396 794 Caesar,
424 749 495 786 etsi
523 749 682 786 timebat
711 757 839 786 tantae
860 749 1130 798 magnitudinis
1150 749 1296 786 flumini
1314 762 1383 786 ex-

239 807 401 845 ercitum
429 808 611 858 objicere,
637 809 852 846 conandum
882 818 1009 846 tamen
1036 816 1152 859 atque
1182 809 1383 859 experien-

239 868 332 905 dum
358 869 520 918 judicat.
585 869 720 919 Itaque
753 869 979 906 infirmiores
1009 869 1148 907 milites
1179 883 1229 908 ex
1261 869 1383 906 omni-

239 925 310 964 bus
330 929 511 966 centuriis
531 929 647 979 deligi
662 929 787 978 jubet,
807 942 968 979 quorum
987 936 1053 966 aut
1071 929 1219 967 animus
1236 937 1304 968 aut
1329 930 1383 967 vi·

238 1001 298 1025 res
317 988 545 1026 videbantur
562 989 750 1026 sustinere
770 1002 846 1026 non
868 1002 1004 1039 posse:
1038 989 1106 1027 hos
1126 1002 1213 1028 cum
1231 990 1383 1040 legione

240 1061 316 1086 una
333 1049 523 1099 praesidio
544 1049 676 1087 castris
690 1049 883 1099 relinquit.
938 1049 1119 1100 Reliquas
1133 1050 1304 1100 legiones
1317 1063 1384 1088 ex-

240 1109 388 1158 peditas
408 1109 539 1146 educit
555 1125 564 1152 ;
582 1121 798 1159 magnoque
815 1122 973 1146 numero
987 1110 1247 1159 jumentorum
1260 1110 1299 1147 in
1313 1110 1387 1149 flu-

239 1168 342 1205 mine
361 1181 475 1219 supra
493 1177 608 1219 atque
637 1169 734 1206 infra
768 1169 976 1207 constituto
1005 1169 1219 1208 transducit
1238 1170 1386 1208 exerci-

241 1236 335 1268 tum.
390 1229 509 1267 Pauci
529 1243 578 1267 ex
598 1230 656 1266 his
675 1229 872 1275 militibus,
906 1230 942 1266 vi
962 1229 1127 1267 fluminis
1146 1230 1308 1281 abrepti,
1337 1231 1386 1268 ab

240 1290 414 1341 equitatu
433 1290 694 1340 excipiuntur,
724 1301 769 1327 ac
789 1290 1059 1327 sublevantur:
1087 1290 1231 1327 interiit
1255 1297 1386 1328 tamen

239 1361 366 1387 nemo.
420 1348 662 1386 Transducto
677 1349 859 1387 incolumi
878 1350 1067 1396 exercitu,
1096 1349 1226 1400 copias
1245 1350 1386 1388 instru-

242 1409 286 1455 it,
306 1409 574 1459 triplicemque
602 1409 723 1446 aciem
744 1409 886 1446 ducere
902 1409 1060 1459 incipit;
1087 1422 1132 1446 ac
1148 1416 1294 1447 tantum
1313 1410 1394 1447 fuit.

240 1469 278 1505 in
299 1469 481 1506 militibus
499 1469 629 1514 studii,
649 1477 704 1514 ut,
733 1469 892 1506 millium
913 1481 955 1505 vr
985 1469 1033 1506 ad
1053 1469 1125 1506 iter
1155 1469 1286 1506 addito
1315 1470 1386 1507 cir-

241 1531 363 1576 cuitu,
383 1542 598 1580 magnaque
617 1528 666 1566 ad
682 1529 818 1566 vadum
838 1529 1005 1569 fluminis
1023 1542 1130 1566 mora
1148 1529 1386 1580 interposita,

241 1603 322 1635 cos,
341 1591 405 1641 qui
426 1591 473 1627 de
493 1590 605 1627 tertia
623 1589 752 1640 vigilia
771 1592 955 1635 exissent,
984 1598 1073 1627 ante
1092 1590 1224 1626 horam
1244 1589 1320 1628 diei
1340 1602 1384 1627 1x

241 1657 582 1700 consequerentur.

292 1711 416 1747 LXV.
457 1712 561 1752 Quos
577 1710 641 1747 ubi
662 1709 846 1747 Afranius
861 1710 993 1760 procul
1009 1709 1108 1746 visos
1123 1722 1209 1746 cum
1230 1709 1385 1748 Petreio

243 1771 457 1821 conspexit,
476 1783 573 1808 nova
592 1783 633 1807 re
652 1770 892 1820 perterritus,
911 1769 1004 1807 locis
1020 1770 1278 1820 superioribus
1293 1783 1385 1807 con-

243 1831 355 1877 sistit,
374 1831 572 1881 aciemque
592 1830 755 1868 instruit.
793 1830 934 1868 Caesar
953 1830 990 1866 in
1006 1831 1148 1880 campis
1168 1831 1383 1868 exercitum

240 1892 378 1936 reficit,
410 1904 458 1928 ne
477 1891 666 1928 defessum
687 1890 832 1941 proelio
853 1890 1020 1940 objiciat.
1075 1890 1222 1928 Rursus
1242 1903 1384 1929 conan-

241 1961 298 1990 tes
316 1952 497 2003 progredi
516 1951 740 2002 insequitur,
769 1958 808 1988 et
827 1959 1014 1999 moratu—13<
1055 1951 1135 2002 „lui
1168 1952 1383 1989 necessario

240 2012 438 2057 maturius,
467 2025 578 2062 quam
600 2012 892 2057 constituerant,
920 2019 1043 2062 castra
1072 2019 1245 2061 ponunt:
1273 2012 1385 2048 sube-

240 2079 326 2109 rant
356 2071 454 2108 enim
475 2079 638 2116 montes,
658 2078 774 2121 atque
792 2083 814 2107 a
833 2071 996 2109 millibus
1027 2083 1205 2121 passuum
1226 2083 1252 2108 v
1273 2071 1384 2109 itine-

240 2145 282 2169 ra
311 2131 476 2169 difficilia
515 2140 629 2181 atque
660 2138 823 2182 angusta
853 2131 1110 2182 excipiebant.
1167 2132 1251 2169 Hos
1283 2132 1384 2168 intra

240 2199 391 2231 montes
409 2204 449 2228 se
479 2192 731 2241 recipiebant,
759 2199 802 2228 ut
821 2193 1032 2242 equitatum
1053 2191 1265 2242 effugerent
1285 2192 1382 2229 Cae-

241 2250 355 2295 saris;
390 2250 664 2301 praesidiisque
683 2250 722 2288 in
741 2251 925 2302 angustiis
953 2252 1148 2290 collocatis
1167 2251 1385 2291 exercitum
