1472 2664
280 279 355 319 DE
383 280 562 319 BELLO
589 279 766 319 AFRIC.
792 280 969 319 LIBER.
1128 284 1199 322 195

59 391 132 431 rat,
163 383 276 435 jubet
293 383 405 434 dirigi
424 397 471 421 ac
499 383 649 421 muniri.
704 384 818 426 Quod
836 390 1039 435 postquam
1067 383 1198 434 Scipio

57 447 328 498 Labienusque
345 447 708 493 animadverterunt,
735 447 910 498 equitatu
925 447 1027 484 omni
1046 459 1096 484 ex
1117 460 1199 485 cas-

60 508 128 546 tris
154 508 310 554 educto,
338 508 497 559 acieque
527 508 695 558 equestri
725 508 924 552 instructa,
955 520 978 544 a
1008 507 1085 544 suis
1115 521 1199 544 mu·-

58 569 268 606 nitionibus
285 569 439 606 circiter
457 582 588 619 passus
607 569 709 605 mille
728 568 1041 619 progrediuntur,
1061 567 1197 618 pedes-

57 638 233 680 tremque
262 629 410 680 copiam
441 630 480 666 in
509 629 680 667 secunda
708 629 791 667 acie
811 628 935 666 minus
953 641 1085 680 passus
1104 639 1156 666 cn
1176 641 1200 666 a

57 690 191 728 castris
209 690 286 727 suis
305 690 556 727 constituunt.

107 749 295 788 XXXIX.
349 751 490 788 Caesar
508 750 547 788 in
566 763 682 802 opere
708 751 848 789 milites
881 750 1089 796 adhortari,
1127 763 1197 789 ne-

56 821 131 859 que
150 809 448 847 adversariorum
483 811 602 861 copiis
633 811 790 848 moveri.
856 811 985 852 Quum
1009 813 1090 861 jam
1120 823 1199 848 non

51 869 213 920 amplius
244 882 422 920 passuum
452 882 514 906 MD
548 871 648 908 inter
680 870 846 908 hostium
868 871 1001 910 aciem
1033 883 1197 922 suasque

54 930 285 968 munitiones
303 943 387 968 esse
418 931 761 977 animadvertisset,
801 931 1130 982 intellexissetque
1149 932 1199 969 ad

54 990 317 1041 impediendos
335 991 475 1028 milites
493 1004 595 1037 SuOS,
639 999 679 1030 et
708 991 755 1030 ab
788 1004 905 1042 opere
934 991 1196 1042 depellendos,

52 1052 203 1089 hostem
222 1052 378 1103 propius
396 1052 597 1098 accedere,
625 1065 861 1103 necesseque
889 1052 1049 1089 haberet
1076 1052 1198 1102 legio-

55 1124 123 1150 nes
141 1125 165 1150 a
194 1112 468 1151 munitionibus
488 1113 707 1154 deducere;
743 1112 908 1163 imperat
926 1119 1073 1149 turmae
1103 1111 1197 1149 His·

51 1184 254 1223 panorum,
292 1173 343 1210 ad
361 1173 577 1223 proximum
598 1172 734 1210 collem
754 1184 917 1222 propere
935 1180 1196 1218 accurrerent,

51 1233 359 1284 praesidiumque
375 1233 463 1270 inde
479 1233 743 1278 deturbarent,
761 1232 967 1283 locumque
986 1241 1172 1283 caperent
1188 1249 1198 1276 ;

53 1294 266 1345 eodemque
279 1295 392 1344 jubet
410 1294 503 1331 levis
518 1301 731 1331 armaturae
746 1306 890 1344 paucos
905 1294 1087 1344 consequi
1105 1295 1199 1332 sub-

50 1355 159 1393 sidio.
213 1355 290 1398 Qui
319 1354 422 1392 missi
452 1354 644 1400 celeriter,
675 1354 860 1392 Numidas
894 1355 1031 1402 adorti,
1059 1356 1197 1406 partim

49 1416 153 1454 vivos
172 1416 342 1467 capiunt,
370 1415 573 1454 nonnullos
592 1416 740 1466 equites
759 1415 951 1466 fugientes
984 1417 1196 1454 convulne-

50 1486 243 1523 raverunt,
284 1477 447 1527 locoque
477 1484 566 1514 sunt
601 1476 726 1527 potiti.
778 1476 987 1528 Postquam
1007 1477 1046 1514 id
1081 1477 1196 1515 Labi-

48 1549 143 1574 enus
173 1537 454 1584 animadvertit,
495 1550 570 1588 quo
604 1537 766 1575 celerius
797 1537 842 1575 iis
861 1537 1045 1575 auxilium
1065 1538 1196 1583 ferret,

50 1610 101 1634 ex
119 1597 203 1635 acie
235 1598 421 1636 instructa
439 1598 632 1649 equitatus
650 1598 708 1636 sui
727 1610 847 1649 prope
867 1605 991 1635 totum
1010 1598 1193 1636 dextrum

50 1671 172 1697 cornu
203 1660 354 1706 avertit,
391 1667 507 1711 atque
538 1660 615 1697 suis
643 1659 881 1710 fugientibus
911 1660 1106 1710 suppetias
1140 1661 1195 1698 ire

50 1719 264 1758 contendit.
317 1721 432 1762 Quod
465 1720 529 1758 ubi
560 1720 701 1758 Caesar
732 1720 949 1770 conspexit,
978 1719 1196 1758 Labienum

49 1781 98 1819 ab
125 1780 202 1819 suis
233 1781 352 1832 copiis
384 1781 536 1832 longius
548 1783 629 1831 jam
653 1781 896 1826 abscessisse,
923 1781 1117 1832 equitatus
1135 1782 1195 1819 sui

47 1842 147 1879 alam
180 1842 370 1880 sinistram
389 1842 437 1880 ad
468 1841 783 1880 intercludendos
815 1841 944 1880 hostes
974 1841 1143 1880 immisit.

101 1903 186 1940 XL.
239 1902 333 1940 Erat
353 1903 391 1940 in
410 1916 457 1941 eo
476 1915 625 1954 campo,
654 1903 719 1940 ubi
738 1915 783 1940 ea
798 1915 858 1940 res
877 1903 1097 1953 gerebatur,
1126 1903 1198 1940 vil-

48 1963 87 2001 la
114 1975 335 2014 permagna,
377 1975 423 2000 1v
460 1963 626 2002 turribus
659 1970 870 2009 exstructa,
899 1976 997 2014 quae
1030 1963 1196 2002 Labieni

50 2031 297 2074 prospectum
316 2022 563 2075 impediebat,
591 2036 640 2062 ne
659 2032 789 2075 posset
806 2023 1124 2072 animadvertere,
1144 2026 1192 2064 ab

50 2085 224 2135 equitatu
244 2084 418 2122 Caesaris
437 2097 476 2122 se
497 2084 715 2123 intercludi.
767 2084 904 2136 Itaque
923 2098 1000 2123 non
1015 2086 1120 2137 prius
1139 2087 1194 2124 vi-

50 2145 108 2183 dit
125 2153 268 2184 turmas
296 2146 482 2191 Julianas,
515 2159 627 2196 quam
647 2158 734 2183 suos
754 2146 864 2184 caedi
882 2159 906 2184 a
922 2154 1033 2198 tergo
1053 2148 1195 2186 sensit:

49 2218 99 2244 ex
118 2219 194 2258 qua
211 2219 253 2244 re
272 2207 399 2244 subito
427 2206 465 2243 in
493 2213 681 2244 terrorem
710 2219 896 2245 converso
915 2208 1091 2258 equitatu
1111 2208 1194 2246 Nu-

49 2267 249 2313 midarum,
283 2275 391 2305 recta
419 2267 457 2304 in
482 2274 608 2305 castra
638 2267 774 2319 fugere
807 2269 1019 2306 contendit.
1093 2269 1195 2307 Galli

50 2326 325 2379 Germanique,
358 2328 424 2378 qui
460 2328 692 2375 restiterant,
727 2341 778 2366 ex
808 2329 1004 2380 superiore
1034 2329 1121 2368 loco
1153 2337 1195 2368 et
