1472 2664
538 296 702 334 LIBER
756 296 829 333 III.
1201 296 1251 335 63

113 403 180 449 tio,
212 410 327 453 atque
347 400 513 439 omnium
534 399 670 436 intenti
689 398 805 436 animi
825 398 871 435 ad
892 410 1024 448 pacem
1045 410 1127 435 esse
1147 398 1252 435 vide-

113 466 263 502 bantur.
317 463 402 504 Qna
421 473 470 497 ex
490 460 706 510 frequentia
725 460 770 496 T.
790 459 982 496 Labienus
998 459 1145 509 prodit:
1165 461 1254 496 sub-

115 524 228 561 missa
246 522 416 560 oratione
436 520 540 571 loqui
559 521 607 557 de
627 533 735 570 pace,
748 527 863 570 atque
878 520 1054 557 altercari
1069 534 1156 558 cum
1177 521 1253 558 Va-

111 585 220 630 tinio,
239 583 382 634 incipit.
437 584 609 624 Quorum
630 580 792 618 mediam
809 581 1020 618 orationem
1049 581 1252 619 interrum-

110 654 207 696 punt
227 644 392 694 undique
424 642 550 680 subito
577 643 652 679 tela
672 642 861 684 immissa;
889 654 986 692 quae
1015 642 1091 687 ille,
1121 643 1252 680 obtec-

110 714 170 743 tus
190 705 302 742 armis
321 704 496 749 militum,
522 703 666 741 vitavit.
721 702 982 740 Vulnerantur
1002 712 1128 740 tamen
1149 716 1254 740 com-

107 766 237 816 plures
252 780 261 807 ;
279 764 317 801 in
338 764 395 801 his
417 763 617 801 Cornelius
630 763 786 808 Balbus,
802 763 859 799 M.
875 763 1035 807 Plotius,
1052 762 1098 799 L.
1114 762 1253 799 Tibur-

108 825 196 870 tius,
228 824 485 869 centuriones,
518 823 735 873 militesque
754 823 939 860 nonnulli.
994 822 1094 859 Tum
1113 822 1253 860 Labie-

110 898 201 922 nus:
232 884 408 922 Desinite
429 897 521 934 ergo
553 884 600 920 de
622 883 899 933 compositione
918 883 1047 934 loqui;
1076 896 1163 921 nam
1182 897 1250 921 no-

105 945 177 991 bis,
196 945 266 982 nisi
288 944 462 982 Caesaris
482 944 607 995 capite
627 944 761 988 relato,
781 956 857 994 pax
878 956 962 980 esse
982 944 1088 981 nulla
1105 951 1247 995 potest.

157 1006 246 1042 XX.
300 1005 442 1043 Iisdem
462 1004 700 1055 temporibus
719 1004 864 1041 Romae
880 1004 936 1040 M.
959 1004 1112 1042 Coelius
1128 1004 1252 1042 Rufus

104 1074 275 1119 praetor,
309 1079 444 1104 caussa
463 1066 679 1103 debitorum
707 1073 898 1115 suscepta,
928 1065 1035 1102 initio
1055 1065 1254 1115 magistra-

108 1136 169 1165 tus
190 1128 354 1166 tribunal
370 1129 605 1177 suumjuxta
621 1127 664 1164 C.
679 1126 876 1171 Trebonii‚
896 1126 1082 1176 praetoris
1104 1127 1251 1173 urbani,

104 1189 234 1226 sellam
255 1189 473 1231 collocavit;
503 1195 556 1233 et,
594 1189 624 1224 si
645 1188 728 1238 quis
747 1188 981 1238 appellasset
1001 1187 1049 1226 de
1077 1188 1252 1225 aestima-

57 1296 59 1298 ·
105 1250 209 1287 tione
229 1257 268 1288 et
287 1250 334 1287 de
353 1249 619 1293 solutionibus,
640 1261 738 1299 quae
753 1261 821 1298 per
836 1248 1019 1286 arbitrum
1038 1248 1190 1293 fierent,
1209 1257 1253 1286 ut

108 1310 250 1348 Caesar
269 1324 449 1362 praesens
469 1310 736 1355 constituerat,
770 1309 851 1346 fore
882 1309 1025 1346 auxilio
1044 1309 1252 1360 polliceba-

106 1379 180 1409 tur.
219 1372 295 1410 Sed
314 1373 430 1410 fiebat
449 1371 641 1422 aequitate
661 1370 821 1416 decreti,
841 1378 880 1408 et
899 1370 1137 1408 humanitate
1157 1370 1253 1408 Tre-

108 1431 227 1478 bonii,
261 1434 325 1483 qui
344 1433 403 1470 his
423 1432 659 1481 temporibus
679 1431 890 1468 clementer
908 1439 947 1467 ct
966 1430 1164 1468 moderate
1188 1433 1251 1480 jus

105 1493 308 1532 dicendum
328 1493 585 1538 existimabat,
606 1500 648 1529 ut
668 1491 824 1542 reperiri
842 1505 916 1528 non
934 1501 1102 1542 possent,
1123 1505 1144 1529 a
1161 1493 1246 1543 qui-

106 1555 176 1592 bus
195 1555 345 1593 initium
361 1553 578 1606 appellandi
598 1561 830 1590 nasceretur.
878 1552 975 1589 Nam
990 1553 1148 1591 sortasse
1169 1555 1252 1591 ino-

106 1616 207 1666 piam
227 1628 428 1661 excusare,
462 1623 500 1652 et
526 1614 796 1657 calamitatem,
826 1622 892 1650 aut
918 1616 1108 1664 propriam
1129 1628 1250 1662 suam,

107 1684 173 1713 aut
192 1685 421 1727 temporum,
442 1675 565 1726 queri,
582 1683 619 1712 et
640 1674 881 1712 difficultates
899 1676 1143 1713 auctionandi
1164 1690 1252 1727 pro-

104 1749 260 1786 ponere,
291 1736 407 1774 etiam
429 1735 632 1773 mediocris
653 1743 708 1771 cst
729 1735 842 1771 animi
861 1749 869 1771 :
899 1736 1067 1786 integras
1086 1750 1176 1774 vero
1196 1745 1251 1775 te-

106 1810 199 1834 nere
217 1797 488 1847 possessiones,
510 1797 573 1845 qui
594 1808 634 1832 se
654 1796 795 1832 debere
818 1796 1022 1842 fateantur,
1043 1799 1152 1847 eujus
1171 1798 1251 1835 ani-

103 1857 168 1902 mi,
188 1866 254 1895 aut
273 1859 382 1906 cujus
402 1857 660 1907 impudentiae
689 1865 746 1893 cst
763 1857 776 1893 ?
806 1857 958 1907 ltaque,
978 1858 1053 1896 hoc
1082 1858 1148 1908 qui>
1164 1872 1250 1909 pos-

105 1917 258 1964 tularet,
278 1918 541 1968 reperiebatur
561 1931 686 1954 nemo.
743 1918 873 1967 Atque
894 1918 997 1968 ipsis,
1021 1919 1069 1955 ad
1089 1932 1249 1969 quorum

105 1979 345 2016 commodum
368 1978 600 2028 pertinebat,
630 1978 758 2015 durior
791 1978 966 2016 inventus·
986 1987 1045 2016 est
1075 1980 1251 2024 Coelius;

105 2047 158 2084 et,
189 2040 236 2076 ab
256 2039 330 2075 hoc
357 2037 554 2089 profectus
575 2038 697 2085 initio,
733 2052 781 2076 ne
800 2039 941 2076 trustra
961 2040 1152 2090 ingressus
1171 2049 1250 2078 tur-

106 2112 195 2150 pem
222 2112 395 2137 caussam
415 2099 621 2145 videretur‚
641 2099 766 2149 legem
787 2100 1056 2150 promulgavit,
1083 2109 1123 2138 ut
1149 2101 1252 2139 sexi-

106 2172 146 2196 es
172 2160 255 2196 seni
274 2159 355 2197 dies
375 2159 457 2197 sine
487 2160 608 2196 usuris
642 2160 812 2198 creditae
837 2162 1021 2210 pecuniae
1041 2162 1250 2200 solvantur.

158 2219 266 2256 XXI.
321 2221 449 2262 Quum
478 2220 673 2258 resisteret
702 2221 884 2258 Servilius
913 2222 1060 2267 consul,
1095 2222 1250 2273 reliqui-

101 2292 176 2330 que
194 2279 451 2330 magistratus,
482 2288 521 2319 et
539 2281 663 2319 minus
683 2281 862 2332 opinione
882 2295 949 2320 sua
976 2282 1168 2325 efficeret;
1196 2283 1245 2320 ad

102 2340 301 2378 hominum
321 2341 529 2380 excitanda
546 2342 686 2387 studia,
713 2342 862 2380 sublata
880 2343 1006 2394 priore
1026 2343 1127 2393 lege,
1157 2342 1250 2380 duas

188 2409 299 2449 TOM.
327 2410 379 2449 ΙΙ.
670 2411 690 2448 Ι
