<?xml version="1.0" encoding="UTF-8"?>
<!DOCTYPE html PUBLIC "-//W3C//DTD XHTML 1.0 Transitional//EN"
    "http://www.w3.org/TR/xhtml1/DTD/xhtml1-transitional.dtd">
<html xmlns="http://www.w3.org/1999/xhtml" xml:lang="en" lang="en">
 <head>
  <title>
</title>
<meta http-equiv="Content-Type" content="text/html;charset=utf-8" />
  <meta name='ocr-system' content='tesseract 3.04.00' />
  <meta name='ocr-capabilities' content='ocr_page ocr_carea ocr_par ocr_line ocrx_word'/>
</head>
<body>
  <div class='ocr_page' id='page_1' title='image "./debellogallicoet02caesuoft_0262.png"; bbox 0 0 1472 2664; ppageno 0'>
   <div class='ocr_carea' id='block_1_1' title="bbox 245 244 947 283">
    <p class='ocr_par' dir='ltr' id='par_1_1' title="bbox 245 244 947 283">
     <span class='ocr_line' id='line_1_1' title="bbox 245 244 947 283; baseline 0.003 -3"><span class='ocrx_word' id='word_1_1' title='bbox 245 244 319 280; x_wconf 74' lang='lat'>280</span> <span class='ocrx_word' id='word_1_2' title='bbox 679 245 730 283; x_wconf 89' lang='lat' dir='ltr'>A.</span> <span class='ocrx_word' id='word_1_3' title='bbox 767 244 947 283; x_wconf 88' lang='lat' dir='ltr'><strong>HIRTII</strong></span> 
     </span>
    </p>
   </div>
   <div class='ocr_carea' id='block_1_2' title="bbox 237 345 1397 2409">
    <p class='ocr_par' dir='ltr' id='par_1_2' title="bbox 244 345 1391 578">
     <span class='ocr_line' id='line_1_2' title="bbox 244 345 1390 400; baseline 0.005 -18"><span class='ocrx_word' id='word_1_4' title='bbox 244 357 330 383; x_wconf 87' lang='lat' dir='ltr'>nem</span> <span class='ocrx_word' id='word_1_5' title='bbox 346 345 493 396; x_wconf 84' lang='lat' dir='ltr'>regium</span> <span class='ocrx_word' id='word_1_6' title='bbox 509 345 748 395; x_wconf 85' lang='lat' dir='ltr'>deferuntur,</span> <span class='ocrx_word' id='word_1_7' title='bbox 767 349 832 386; x_wconf 86' lang='lat' dir='ltr'>ubi</span> <span class='ocrx_word' id='word_1_8' title='bbox 848 348 976 387; x_wconf 85' lang='lat' dir='ltr'>classis</span> <span class='ocrx_word' id='word_1_9' title='bbox 992 347 1036 386; x_wconf 87' lang='lat' dir='ltr'>P.</span> <span class='ocrx_word' id='word_1_10' title='bbox 1054 347 1139 386; x_wconf 91' lang='lat' dir='ltr'>Sitii</span> <span class='ocrx_word' id='word_1_11' title='bbox 1153 361 1222 400; x_wconf 87' lang='lat' dir='ltr'>per</span> <span class='ocrx_word' id='word_1_12' title='bbox 1238 349 1277 387; x_wconf 88' lang='lat' dir='ltr'>id</span> <span class='ocrx_word' id='word_1_13' title='bbox 1293 357 1390 388; x_wconf 89' lang='lat' dir='ltr'>tem-</span> 
     </span>
     <span class='ocr_line' id='line_1_3' title="bbox 245 409 1386 460; baseline 0.004 -15"><span class='ocrx_word' id='word_1_14' title='bbox 245 418 316 455; x_wconf 83' lang='lat' dir='ltr'>pus</span> <span class='ocrx_word' id='word_1_15' title='bbox 335 414 439 445; x_wconf 82' lang='lat' dir='ltr'>erat:</span> <span class='ocrx_word' id='word_1_16' title='bbox 466 419 488 445; x_wconf 86' lang='lat' dir='ltr'>a</span> <span class='ocrx_word' id='word_1_17' title='bbox 508 421 582 458; x_wconf 87' lang='lat' dir='ltr'>qua</span> <span class='ocrx_word' id='word_1_18' title='bbox 601 409 781 459; x_wconf 83' lang='lat' dir='ltr'>pauciora</span> <span class='ocrx_word' id='word_1_19' title='bbox 809 410 856 448; x_wconf 86' lang='lat' dir='ltr'>ab</span> <span class='ocrx_word' id='word_1_20' title='bbox 876 410 1122 460; x_wconf 85' lang='lat' dir='ltr'>amplioribus</span> <span class='ocrx_word' id='word_1_21' title='bbox 1149 411 1386 451; x_wconf 85' lang='lat' dir='ltr'>circumven-</span> 
     </span>
     <span class='ocr_line' id='line_1_4' title="bbox 245 466 1391 523; baseline 0.006 -20"><span class='ocrx_word' id='word_1_22' title='bbox 245 471 284 504; x_wconf 87' lang='lat' dir='ltr'>ta</span> <span class='ocrx_word' id='word_1_23' title='bbox 311 466 462 516; x_wconf 84' lang='lat' dir='ltr'>navigia</span> <span class='ocrx_word' id='word_1_24' title='bbox 479 467 766 518; x_wconf 82' lang='lat' dir='ltr'>deprimuntur3</span> <span class='ocrx_word' id='word_1_25' title='bbox 794 469 922 520; x_wconf 88' lang='lat' dir='ltr'>ibique</span> <span class='ocrx_word' id='word_1_26' title='bbox 952 469 1081 521; x_wconf 88' lang='lat' dir='ltr'>Scipio</span> <span class='ocrx_word' id='word_1_27' title='bbox 1100 484 1188 511; x_wconf 87' lang='lat' dir='ltr'>cum</span> <span class='ocrx_word' id='word_1_28' title='bbox 1208 471 1266 518; x_wconf 90' lang='lat' dir='ltr'>iis,</span> <span class='ocrx_word' id='word_1_29' title='bbox 1296 484 1391 523; x_wconf 90' lang='lat' dir='ltr'>quos</span> 
     </span>
     <span class='ocr_line' id='line_1_5' title="bbox 244 527 888 578; baseline 0.006 -14"><span class='ocrx_word' id='word_1_30' title='bbox 244 527 372 576; x_wconf 84' lang='lat' dir='ltr'>paullo</span> <span class='ocrx_word' id='word_1_31' title='bbox 391 536 479 567; x_wconf 84' lang='lat' dir='ltr'>ante</span> <span class='ocrx_word' id='word_1_32' title='bbox 508 530 712 578; x_wconf 81' lang='lat' dir='ltr'>nominavi,</span> <span class='ocrx_word' id='word_1_33' title='bbox 732 531 888 569; x_wconf 87' lang='lat' dir='ltr'>interiit.</span> 
     </span>
    </p>

    <p class='ocr_par' dir='ltr' id='par_1_3' title="bbox 237 589 1397 1849">
     <span class='ocr_line' id='line_1_6' title="bbox 296 589 1392 645; baseline 0.005 -19"><span class='ocrx_word' id='word_1_34' title='bbox 296 589 461 627; x_wconf 80' lang='lat' dir='ltr'>XCVII.</span> <span class='ocrx_word' id='word_1_35' title='bbox 528 592 669 629; x_wconf 85' lang='lat' dir='ltr'>Caesar</span> <span class='ocrx_word' id='word_1_36' title='bbox 699 592 865 639; x_wconf 77' lang='lat' dir='ltr'>interim,</span> <span class='ocrx_word' id='word_1_37' title='bbox 898 592 1039 633; x_wconf 85' lang='lat' dir='ltr'>Zamae</span> <span class='ocrx_word' id='word_1_38' title='bbox 1072 593 1252 633; x_wconf 80' lang='lat' dir='ltr'>auctione</span> <span class='ocrx_word' id='word_1_39' title='bbox 1284 593 1392 645; x_wconf 84' lang='lat' dir='ltr'>regia</span> 
     </span>
     <span class='ocr_line' id='line_1_7' title="bbox 243 649 1391 705; baseline 0.005 -19"><span class='ocrx_word' id='word_1_40' title='bbox 243 649 359 696; x_wconf 82' lang='lat' dir='ltr'>sacta,</span> <span class='ocrx_word' id='word_1_41' title='bbox 391 651 577 703; x_wconf 85' lang='lat' dir='ltr'>bonisque</span> <span class='ocrx_word' id='word_1_42' title='bbox 612 666 742 691; x_wconf 90' lang='lat' dir='ltr'>eorum</span> <span class='ocrx_word' id='word_1_43' title='bbox 774 653 952 700; x_wconf 85' lang='lat' dir='ltr'>venditis,</span> <span class='ocrx_word' id='word_1_44' title='bbox 994 655 1057 705; x_wconf 88' lang='lat' dir='ltr'>qui</span> <span class='ocrx_word' id='word_1_45' title='bbox 1091 654 1193 692; x_wconf 85' lang='lat' dir='ltr'>cives</span> <span class='ocrx_word' id='word_1_46' title='bbox 1227 654 1391 692; x_wconf 83' lang='lat' dir='ltr'>Romani</span> 
     </span>
     <span class='ocr_line' id='line_1_8' title="bbox 245 713 1395 766; baseline 0.003 -18"><span class='ocrx_word' id='word_1_47' title='bbox 245 718 380 751; x_wconf 78' lang='lat' dir='ltr'>contra</span> <span class='ocrx_word' id='word_1_48' title='bbox 408 714 587 762; x_wconf 86' lang='lat' dir='ltr'>populum</span> <span class='ocrx_word' id='word_1_49' title='bbox 612 713 827 752; x_wconf 84' lang='lat' dir='ltr'>Romanum</span> <span class='ocrx_word' id='word_1_50' title='bbox 852 727 958 752; x_wconf 84' lang='lat' dir='ltr'>arma</span> <span class='ocrx_word' id='word_1_51' title='bbox 985 715 1167 760; x_wconf 88' lang='lat' dir='ltr'>tulerant,</span> <span class='ocrx_word' id='word_1_52' title='bbox 1199 714 1395 766; x_wconf 88' lang='lat' dir='ltr'>praemiis-</span> 
     </span>
     <span class='ocr_line' id='line_1_9' title="bbox 245 773 1392 827; baseline 0.005 -19"><span class='ocrx_word' id='word_1_53' title='bbox 245 786 319 822; x_wconf 88' lang='lat' dir='ltr'>que</span> <span class='ocrx_word' id='word_1_54' title='bbox 352 773 616 820; x_wconf 82' lang='lat' dir='ltr'>Zamensibus,</span> <span class='ocrx_word' id='word_1_55' title='bbox 646 776 710 826; x_wconf 88' lang='lat' dir='ltr'>qui</span> <span class='ocrx_word' id='word_1_56' title='bbox 731 777 778 813; x_wconf 89' lang='lat' dir='ltr'>de</span> <span class='ocrx_word' id='word_1_57' title='bbox 798 790 888 827; x_wconf 81' lang='lat' dir='ltr'>rege</span> <span class='ocrx_word' id='word_1_58' title='bbox 916 775 1162 814; x_wconf 82' lang='lat' dir='ltr'>excludendo</span> <span class='ocrx_word' id='word_1_59' title='bbox 1191 776 1392 814; x_wconf 78' lang='lat' dir='ltr'>consilium</span> 
     </span>
     <span class='ocr_line' id='line_1_10' title="bbox 241 835 1391 888; baseline 0.002 -17"><span class='ocrx_word' id='word_1_60' title='bbox 241 842 441 884; x_wconf 79' lang='lat' dir='ltr'>ceperant,</span> <span class='ocrx_word' id='word_1_61' title='bbox 479 835 646 882; x_wconf 81' lang='lat' dir='ltr'>tributis,</span> <span class='ocrx_word' id='word_1_62' title='bbox 679 837 1007 888; x_wconf 85' lang='lat' dir='ltr'>vectigalibusque</span> <span class='ocrx_word' id='word_1_63' title='bbox 1041 837 1155 886; x_wconf 85' lang='lat' dir='ltr'>regiis</span> <span class='ocrx_word' id='word_1_64' title='bbox 1183 837 1391 887; x_wconf 83' lang='lat' dir='ltr'>abrogatis,</span> 
     </span>
     <span class='ocr_line' id='line_1_11' title="bbox 243 896 1391 948; baseline 0.002 -16"><span class='ocrx_word' id='word_1_65' title='bbox 243 908 294 932; x_wconf 84' lang='lat' dir='ltr'>ex</span> <span class='ocrx_word' id='word_1_66' title='bbox 316 909 510 947; x_wconf 86' lang='lat' dir='ltr'>regnoque</span> <span class='ocrx_word' id='word_1_67' title='bbox 529 897 726 948; x_wconf 85' lang='lat' dir='ltr'>provincia</span> <span class='ocrx_word' id='word_1_68' title='bbox 745 897 862 944; x_wconf 84' lang='lat' dir='ltr'>facta,</span> <span class='ocrx_word' id='word_1_69' title='bbox 881 905 997 948; x_wconf 87' lang='lat' dir='ltr'>atque</span> <span class='ocrx_word' id='word_1_70' title='bbox 1018 898 1070 934; x_wconf 93' lang='lat' dir='ltr'>ibi</span> <span class='ocrx_word' id='word_1_71' title='bbox 1091 896 1227 947; x_wconf 89' lang='lat' dir='ltr'>Crispo</span> <span class='ocrx_word' id='word_1_72' title='bbox 1249 897 1391 934; x_wconf 88' lang='lat' dir='ltr'>Sallus-</span> 
     </span>
     <span class='ocr_line' id='line_1_12' title="bbox 243 957 1394 1009; baseline 0.003 -16"><span class='ocrx_word' id='word_1_73' title='bbox 243 957 299 993; x_wconf 82' lang='lat' dir='ltr'>tio</span> <span class='ocrx_word' id='word_1_74' title='bbox 319 959 548 1007; x_wconf 81' lang='lat' dir='ltr'>proconsule</span> <span class='ocrx_word' id='word_1_75' title='bbox 566 972 652 997; x_wconf 86' lang='lat' dir='ltr'>cum</span> <span class='ocrx_word' id='word_1_76' title='bbox 668 959 829 1009; x_wconf 87' lang='lat' dir='ltr'>imperio</span> <span class='ocrx_word' id='word_1_77' title='bbox 848 959 997 1004; x_wconf 82' lang='lat' dir='ltr'>relicto,</span> <span class='ocrx_word' id='word_1_78' title='bbox 1018 958 1113 1009; x_wconf 86' lang='lat' dir='ltr'>ipse,</span> <span class='ocrx_word' id='word_1_79' title='bbox 1133 958 1251 996; x_wconf 86' lang='lat' dir='ltr'><strong>Zama</strong></span> <span class='ocrx_word' id='word_1_80' title='bbox 1264 970 1394 1008; x_wconf 82' lang='lat' dir='ltr'>egres-</span> 
     </span>
     <span class='ocr_line' id='line_1_13' title="bbox 242 1018 1394 1070; baseline 0.002 -16"><span class='ocrx_word' id='word_1_81' title='bbox 242 1031 320 1063; x_wconf 79' lang='lat' dir='ltr'>sus,</span> <span class='ocrx_word' id='word_1_82' title='bbox 344 1018 496 1059; x_wconf 82' lang='lat' dir='ltr'>Uticam</span> <span class='ocrx_word' id='word_1_83' title='bbox 512 1032 552 1056; x_wconf 88' lang='lat' dir='ltr'>se</span> <span class='ocrx_word' id='word_1_84' title='bbox 569 1019 728 1069; x_wconf 87' lang='lat' dir='ltr'>recepit.</span> <span class='ocrx_word' id='word_1_85' title='bbox 774 1019 832 1057; x_wconf 92' lang='lat' dir='ltr'>Ibi</span> <span class='ocrx_word' id='word_1_86' title='bbox 851 1020 962 1057; x_wconf 83' lang='lat' dir='ltr'>bonis</span> <span class='ocrx_word' id='word_1_87' title='bbox 980 1018 1145 1057; x_wconf 88' lang='lat' dir='ltr'>venditis</span> <span class='ocrx_word' id='word_1_88' title='bbox 1161 1031 1307 1064; x_wconf 84' lang='lat' dir='ltr'>eorum,</span> <span class='ocrx_word' id='word_1_89' title='bbox 1327 1018 1394 1070; x_wconf 90' lang='lat' dir='ltr'>qui</span> 
     </span>
     <span class='ocr_line' id='line_1_14' title="bbox 240 1079 1389 1130; baseline 0 -14"><span class='ocrx_word' id='word_1_90' title='bbox 240 1080 313 1118; x_wconf 79' lang='lat' dir='ltr'>sub</span> <span class='ocrx_word' id='word_1_91' title='bbox 332 1079 357 1116; x_wconf 89' lang='lat' dir='ltr'>J</span> <span class='ocrx_word' id='word_1_92' title='bbox 361 1080 435 1118; x_wconf 90' lang='lat' dir='ltr'>uba</span> <span class='ocrx_word' id='word_1_93' title='bbox 454 1080 686 1130; x_wconf 81' lang='lat' dir='ltr'>Petreioque</span> <span class='ocrx_word' id='word_1_94' title='bbox 706 1080 859 1118; x_wconf 86' lang='lat' dir='ltr'>ordines</span> <span class='ocrx_word' id='word_1_95' title='bbox 879 1082 1083 1124; x_wconf 82' lang='lat' dir='ltr'>duxerant,</span> <span class='ocrx_word' id='word_1_96' title='bbox 1112 1080 1204 1117; x_wconf 82' lang='lat' dir='ltr'>item</span> <span class='ocrx_word' id='word_1_97' title='bbox 1224 1079 1389 1124; x_wconf 78' lang='lat' dir='ltr'>Thapsi-</span> 
     </span>
     <span class='ocr_line' id='line_1_15' title="bbox 240 1140 1395 1187; baseline 0 -10"><span class='ocrx_word' id='word_1_98' title='bbox 240 1141 342 1177; x_wconf 76' lang='lat' dir='ltr'>tanis</span> <span class='ocrx_word' id='word_1_99' title='bbox 363 1141 432 1179; x_wconf 87' lang='lat' dir='ltr'>HS</span> <span class='ocrx_word' id='word_1_100' title='bbox 453 1141 624 1187; x_wconf 85' lang='lat' dir='ltr'>vicesies,</span> <span class='ocrx_word' id='word_1_101' title='bbox 653 1141 859 1179; x_wconf 90' lang='lat' dir='ltr'>conventui</span> <span class='ocrx_word' id='word_1_102' title='bbox 878 1154 1010 1179; x_wconf 88' lang='lat' dir='ltr'>eorum</span> <span class='ocrx_word' id='word_1_103' title='bbox 1032 1140 1102 1178; x_wconf 84' lang='lat' dir='ltr'>Hs</span> <span class='ocrx_word' id='word_1_104' title='bbox 1123 1140 1308 1186; x_wconf 85' lang='lat' dir='ltr'>tricesies,</span> <span class='ocrx_word' id='word_1_105' title='bbox 1338 1141 1395 1177; x_wconf 94' lang='lat' dir='ltr'>A-</span> 
     </span>
     <span class='ocr_line' id='line_1_16' title="bbox 242 1201 1390 1252; baseline -0.003 -11"><span class='ocrx_word' id='word_1_106' title='bbox 242 1203 467 1242; x_wconf 79' lang='lat' dir='ltr'>drumetinis</span> <span class='ocrx_word' id='word_1_107' title='bbox 496 1202 566 1240; x_wconf 89' lang='lat' dir='ltr'>HS</span> <span class='ocrx_word' id='word_1_108' title='bbox 594 1202 780 1249; x_wconf 82' lang='lat' dir='ltr'>tricesies,</span> <span class='ocrx_word' id='word_1_109' title='bbox 809 1203 1015 1240; x_wconf 83' lang='lat' dir='ltr'>conventui</span> <span class='ocrx_word' id='word_1_110' title='bbox 1035 1215 1168 1239; x_wconf 86' lang='lat' dir='ltr'>eorum</span> <span class='ocrx_word' id='word_1_111' title='bbox 1189 1201 1259 1238; x_wconf 90' lang='lat' dir='ltr'>HS</span> <span class='ocrx_word' id='word_1_112' title='bbox 1280 1202 1390 1252; x_wconf 90' lang='lat' dir='ltr'>quin-</span> 
     </span>
     <span class='ocr_line' id='line_1_17' title="bbox 243 1263 1397 1315; baseline 0 -15"><span class='ocrx_word' id='word_1_113' title='bbox 243 1264 414 1313; x_wconf 84' lang='lat' dir='ltr'>quagies,</span> <span class='ocrx_word' id='word_1_114' title='bbox 437 1264 578 1300; x_wconf 86' lang='lat' dir='ltr'>multae</span> <span class='ocrx_word' id='word_1_115' title='bbox 604 1264 774 1309; x_wconf 86' lang='lat' dir='ltr'>nomine,</span> <span class='ocrx_word' id='word_1_116' title='bbox 808 1263 986 1315; x_wconf 82' lang='lat' dir='ltr'>imponit:</span> <span class='ocrx_word' id='word_1_117' title='bbox 1019 1264 1192 1301; x_wconf 81' lang='lat' dir='ltr'>civitates</span> <span class='ocrx_word' id='word_1_118' title='bbox 1221 1263 1397 1314; x_wconf 87' lang='lat' dir='ltr'>bonaque</span> 
     </span>
     <span class='ocr_line' id='line_1_18' title="bbox 243 1324 1394 1376; baseline 0.001 -15"><span class='ocrx_word' id='word_1_119' title='bbox 243 1337 373 1362; x_wconf 86' lang='lat' dir='ltr'>eorum</span> <span class='ocrx_word' id='word_1_120' title='bbox 395 1325 442 1363; x_wconf 85' lang='lat' dir='ltr'>ab</span> <span class='ocrx_word' id='word_1_121' title='bbox 463 1324 567 1361; x_wconf 89' lang='lat' dir='ltr'>omni</span> <span class='ocrx_word' id='word_1_122' title='bbox 587 1324 723 1374; x_wconf 85' lang='lat' dir='ltr'>injuria</span> <span class='ocrx_word' id='word_1_123' title='bbox 741 1324 959 1376; x_wconf 85' lang='lat' dir='ltr'>rapinisque</span> <span class='ocrx_word' id='word_1_124' title='bbox 985 1325 1170 1362; x_wconf 83' lang='lat' dir='ltr'>defendit.</span> <span class='ocrx_word' id='word_1_125' title='bbox 1217 1324 1394 1375; x_wconf 87' lang='lat' dir='ltr'>Leptita-</span> 
     </span>
     <span class='ocr_line' id='line_1_19' title="bbox 241 1385 1391 1436; baseline 0.001 -14"><span class='ocrx_word' id='word_1_126' title='bbox 241 1398 325 1430; x_wconf 80' lang='lat' dir='ltr'>nOS,</span> <span class='ocrx_word' id='word_1_127' title='bbox 346 1398 507 1435; x_wconf 86' lang='lat' dir='ltr'>quorum</span> <span class='ocrx_word' id='word_1_128' title='bbox 525 1385 782 1436; x_wconf 83' lang='lat' dir='ltr'>superioribus</span> <span class='ocrx_word' id='word_1_129' title='bbox 796 1386 905 1424; x_wconf 85' lang='lat' dir='ltr'>annis</span> <span class='ocrx_word' id='word_1_130' title='bbox 925 1387 1025 1424; x_wconf 86' lang='lat' dir='ltr'>bona</span> <span class='ocrx_word' id='word_1_131' title='bbox 1043 1386 1147 1423; x_wconf 86' lang='lat' dir='ltr'>Juba</span> <span class='ocrx_word' id='word_1_132' title='bbox 1165 1385 1391 1436; x_wconf 81' lang='lat' dir='ltr'>diripuerat,</span> 
     </span>
     <span class='ocr_line' id='line_1_20' title="bbox 238 1445 1391 1497; baseline 0 -14"><span class='ocrx_word' id='word_1_133' title='bbox 238 1453 294 1491; x_wconf 81' lang='lat' dir='ltr'>et,</span> <span class='ocrx_word' id='word_1_134' title='bbox 313 1446 361 1483; x_wconf 86' lang='lat' dir='ltr'>ad</span> <span class='ocrx_word' id='word_1_135' title='bbox 381 1454 554 1483; x_wconf 82' lang='lat' dir='ltr'>senatum</span> <span class='ocrx_word' id='word_1_136' title='bbox 575 1447 698 1496; x_wconf 85' lang='lat' dir='ltr'>questi</span> <span class='ocrx_word' id='word_1_137' title='bbox 718 1460 786 1497; x_wconf 88' lang='lat' dir='ltr'>per</span> <span class='ocrx_word' id='word_1_138' title='bbox 804 1447 968 1497; x_wconf 82' lang='lat' dir='ltr'>legatos,</span> <span class='ocrx_word' id='word_1_139' title='bbox 987 1454 1102 1497; x_wconf 89' lang='lat' dir='ltr'>atque</span> <span class='ocrx_word' id='word_1_140' title='bbox 1122 1445 1273 1483; x_wconf 87' lang='lat' dir='ltr'>arbitris</span> <span class='ocrx_word' id='word_1_141' title='bbox 1292 1458 1314 1482; x_wconf 89' lang='lat' dir='ltr'>a</span> <span class='ocrx_word' id='word_1_142' title='bbox 1331 1458 1391 1483; x_wconf 88' lang='lat' dir='ltr'>se-</span> 
     </span>
     <span class='ocr_line' id='line_1_21' title="bbox 240 1506 1389 1558; baseline -0.001 -14"><span class='ocrx_word' id='word_1_143' title='bbox 240 1514 334 1546; x_wconf 81' lang='lat' dir='ltr'>natu</span> <span class='ocrx_word' id='word_1_144' title='bbox 354 1507 467 1552; x_wconf 81' lang='lat' dir='ltr'>datis,</span> <span class='ocrx_word' id='word_1_145' title='bbox 497 1520 566 1544; x_wconf 82' lang='lat' dir='ltr'>sua</span> <span class='ocrx_word' id='word_1_146' title='bbox 595 1515 838 1558; x_wconf 79' lang='lat' dir='ltr'>receperant,</span> <span class='ocrx_word' id='word_1_147' title='bbox 871 1507 1000 1545; x_wconf 85' lang='lat' dir='ltr'>tricies</span> <span class='ocrx_word' id='word_1_148' title='bbox 1028 1506 1201 1545; x_wconf 85' lang='lat' dir='ltr'>centenis</span> <span class='ocrx_word' id='word_1_149' title='bbox 1226 1506 1389 1544; x_wconf 86' lang='lat' dir='ltr'>millibus</span> 
     </span>
     <span class='ocr_line' id='line_1_22' title="bbox 237 1566 1389 1618; baseline -0.001 -14"><span class='ocrx_word' id='word_1_150' title='bbox 237 1568 370 1618; x_wconf 87' lang='lat' dir='ltr'>pondo</span> <span class='ocrx_word' id='word_1_151' title='bbox 389 1567 464 1605; x_wconf 87' lang='lat' dir='ltr'>olei</span> <span class='ocrx_word' id='word_1_152' title='bbox 484 1568 521 1604; x_wconf 89' lang='lat' dir='ltr'>in</span> <span class='ocrx_word' id='word_1_153' title='bbox 540 1581 660 1606; x_wconf 87' lang='lat' dir='ltr'>annos</span> <span class='ocrx_word' id='word_1_154' title='bbox 679 1568 848 1618; x_wconf 86' lang='lat' dir='ltr'>singulos</span> <span class='ocrx_word' id='word_1_155' title='bbox 867 1568 1018 1613; x_wconf 83' lang='lat' dir='ltr'>multat,</span> <span class='ocrx_word' id='word_1_156' title='bbox 1038 1568 1124 1605; x_wconf 91' lang='lat' dir='ltr'>ideo</span> <span class='ocrx_word' id='word_1_157' title='bbox 1145 1567 1247 1618; x_wconf 86' lang='lat' dir='ltr'>quod</span> <span class='ocrx_word' id='word_1_158' title='bbox 1265 1566 1389 1612; x_wconf 89' lang='lat' dir='ltr'>initio,</span> 
     </span>
     <span class='ocr_line' id='line_1_23' title="bbox 240 1628 1393 1679; baseline -0.001 -13"><span class='ocrx_word' id='word_1_159' title='bbox 240 1642 309 1679; x_wconf 86' lang='lat' dir='ltr'>per</span> <span class='ocrx_word' id='word_1_160' title='bbox 341 1629 615 1667; x_wconf 84' lang='lat' dir='ltr'>dissensionem</span> <span class='ocrx_word' id='word_1_161' title='bbox 649 1629 879 1679; x_wconf 86' lang='lat' dir='ltr'>principum,</span> <span class='ocrx_word' id='word_1_162' title='bbox 911 1629 1139 1666; x_wconf 85' lang='lat' dir='ltr'>societatem</span> <span class='ocrx_word' id='word_1_163' title='bbox 1173 1641 1260 1666; x_wconf 88' lang='lat' dir='ltr'>cum</span> <span class='ocrx_word' id='word_1_164' title='bbox 1288 1628 1393 1666; x_wconf 86' lang='lat' dir='ltr'>Juba</span> 
     </span>
     <span class='ocr_line' id='line_1_24' title="bbox 240 1689 1392 1740; baseline 0 -14"><span class='ocrx_word' id='word_1_165' title='bbox 240 1690 419 1734; x_wconf 85' lang='lat' dir='ltr'>inierant,</span> <span class='ocrx_word' id='word_1_166' title='bbox 439 1702 603 1739; x_wconf 89' lang='lat' dir='ltr'>eumque</span> <span class='ocrx_word' id='word_1_167' title='bbox 624 1690 750 1735; x_wconf 86' lang='lat' dir='ltr'>armis,</span> <span class='ocrx_word' id='word_1_168' title='bbox 771 1690 967 1736; x_wconf 87' lang='lat' dir='ltr'>militibus,</span> <span class='ocrx_word' id='word_1_169' title='bbox 996 1689 1175 1740; x_wconf 88' lang='lat' dir='ltr'>pecunia,</span> <span class='ocrx_word' id='word_1_170' title='bbox 1199 1691 1392 1738; x_wconf 86' lang='lat' dir='ltr'>juverant.</span> 
     </span>
     <span class='ocr_line' id='line_1_25' title="bbox 244 1749 1393 1800; baseline -0.001 -13"><span class='ocrx_word' id='word_1_171' title='bbox 244 1750 497 1795; x_wconf 83' lang='lat' dir='ltr'>Tisdritanos‚</span> <span class='ocrx_word' id='word_1_172' title='bbox 517 1757 674 1800; x_wconf 88' lang='lat' dir='ltr'>propter</span> <span class='ocrx_word' id='word_1_173' title='bbox 700 1749 954 1787; x_wconf 79' lang='lat' dir='ltr'>humilitatem</span> <span class='ocrx_word' id='word_1_174' title='bbox 984 1749 1160 1795; x_wconf 89' lang='lat' dir='ltr'>civitatis,</span> <span class='ocrx_word' id='word_1_175' title='bbox 1191 1756 1297 1787; x_wconf 85' lang='lat' dir='ltr'>certo</span> <span class='ocrx_word' id='word_1_176' title='bbox 1321 1762 1393 1786; x_wconf 91' lang='lat' dir='ltr'>nu-</span> 
     </span>
     <span class='ocr_line' id='line_1_26' title="bbox 242 1810 722 1849; baseline -0.002 0"><span class='ocrx_word' id='word_1_177' title='bbox 242 1824 349 1849; x_wconf 84' lang='lat' dir='ltr'>mero</span> <span class='ocrx_word' id='word_1_178' title='bbox 369 1811 553 1848; x_wconf 82' lang='lat' dir='ltr'>frumenti</span> <span class='ocrx_word' id='word_1_179' title='bbox 573 1810 722 1848; x_wconf 88' lang='lat' dir='ltr'>multat.</span> 
     </span>
    </p>

    <p class='ocr_par' dir='ltr' id='par_1_4' title="bbox 237 1870 1395 2409">
     <span class='ocr_line' id='line_1_27' title="bbox 296 1870 1395 1921; baseline -0.002 -11"><span class='ocrx_word' id='word_1_180' title='bbox 296 1871 483 1910; x_wconf 81' lang='lat' dir='ltr'><strong>XCVIII.</strong></span> <span class='ocrx_word' id='word_1_181' title='bbox 538 1871 611 1908; x_wconf 78' lang='lat' dir='ltr'>His</span> <span class='ocrx_word' id='word_1_182' title='bbox 641 1872 754 1908; x_wconf 88' lang='lat' dir='ltr'>rebus</span> <span class='ocrx_word' id='word_1_183' title='bbox 786 1871 919 1921; x_wconf 81' lang='lat' dir='ltr'>gestis,</span> <span class='ocrx_word' id='word_1_184' title='bbox 958 1870 1092 1908; x_wconf 86' lang='lat' dir='ltr'>Idibus</span> <span class='ocrx_word' id='word_1_185' title='bbox 1124 1870 1217 1908; x_wconf 83' lang='lat' dir='ltr'>Jun.</span> <span class='ocrx_word' id='word_1_186' title='bbox 1252 1870 1395 1908; x_wconf 82' lang='lat' dir='ltr'>Uticae</span> 
     </span>
     <span class='ocr_line' id='line_1_28' title="bbox 244 1931 1392 1982; baseline -0.001 -13"><span class='ocrx_word' id='word_1_187' title='bbox 244 1933 404 1970; x_wconf 83' lang='lat' dir='ltr'>classem</span> <span class='ocrx_word' id='word_1_188' title='bbox 424 1932 663 1976; x_wconf 78' lang='lat' dir='ltr'>conscendit,</span> <span class='ocrx_word' id='word_1_189' title='bbox 692 1935 837 1982; x_wconf 87' lang='lat' dir='ltr'>ct&#39;post</span> <span class='ocrx_word' id='word_1_190' title='bbox 856 1932 958 1969; x_wconf 86' lang='lat' dir='ltr'>diem</span> <span class='ocrx_word' id='word_1_191' title='bbox 988 1944 1039 1968; x_wconf 86' lang='lat'>111</span> <span class='ocrx_word' id='word_1_192' title='bbox 1062 1931 1218 1969; x_wconf 88' lang='lat' dir='ltr'>Carales</span> <span class='ocrx_word' id='word_1_193' title='bbox 1238 1931 1276 1968; x_wconf 90' lang='lat' dir='ltr'>in</span> <span class='ocrx_word' id='word_1_194' title='bbox 1304 1931 1392 1969; x_wconf 86' lang='lat' dir='ltr'>Sar-</span> 
     </span>
     <span class='ocr_line' id='line_1_29' title="bbox 239 1992 1393 2044; baseline -0.002 -13"><span class='ocrx_word' id='word_1_195' title='bbox 239 1994 381 2031; x_wconf 84' lang='lat' dir='ltr'>diniam</span> <span class='ocrx_word' id='word_1_196' title='bbox 403 1994 589 2044; x_wconf 82' lang='lat' dir='ltr'>pervenit.</span> <span class='ocrx_word' id='word_1_197' title='bbox 626 1993 684 2030; x_wconf 85' lang='lat' dir='ltr'>lbi</span> <span class='ocrx_word' id='word_1_198' title='bbox 703 1993 934 2038; x_wconf 83' lang='lat' dir='ltr'>Sulcitanos,</span> <span class='ocrx_word' id='word_1_199' title='bbox 955 1993 1057 2044; x_wconf 83' lang='lat' dir='ltr'>quod</span> <span class='ocrx_word' id='word_1_200' title='bbox 1074 1992 1272 2030; x_wconf 86' lang='lat' dir='ltr'>Nasidium</span> <span class='ocrx_word' id='word_1_201' title='bbox 1293 1994 1393 2042; x_wconf 88' lang='lat' dir='ltr'>ejus-</span> 
     </span>
     <span class='ocr_line' id='line_1_30' title="bbox 241 2053 1393 2105; baseline -0.001 -14"><span class='ocrx_word' id='word_1_202' title='bbox 241 2068 316 2105; x_wconf 87' lang='lat' dir='ltr'>que</span> <span class='ocrx_word' id='word_1_203' title='bbox 337 2055 497 2092; x_wconf 82' lang='lat' dir='ltr'>classem</span> <span class='ocrx_word' id='word_1_204' title='bbox 519 2061 759 2105; x_wconf 86' lang='lat' dir='ltr'>receperant,</span> <span class='ocrx_word' id='word_1_205' title='bbox 783 2054 982 2105; x_wconf 88' lang='lat' dir='ltr'>copiisque</span> <span class='ocrx_word' id='word_1_206' title='bbox 995 2055 1190 2103; x_wconf 87' lang='lat' dir='ltr'>juverant,</span> <span class='ocrx_word' id='word_1_207' title='bbox 1212 2053 1281 2090; x_wconf 92' lang='lat' dir='ltr'>HS</span> <span class='ocrx_word' id='word_1_208' title='bbox 1302 2066 1393 2090; x_wconf 90' lang='lat' dir='ltr'>cen-</span> 
     </span>
     <span class='ocr_line' id='line_1_31' title="bbox 239 2115 1393 2166; baseline -0.001 -13"><span class='ocrx_word' id='word_1_209' title='bbox 239 2118 311 2154; x_wconf 78' lang='lat' dir='ltr'>ties</span> <span class='ocrx_word' id='word_1_210' title='bbox 331 2116 480 2160; x_wconf 86' lang='lat' dir='ltr'>multat,</span> <span class='ocrx_word' id='word_1_211' title='bbox 500 2124 538 2153; x_wconf 89' lang='lat' dir='ltr'>et</span> <span class='ocrx_word' id='word_1_212' title='bbox 554 2128 621 2166; x_wconf 88' lang='lat' dir='ltr'>pro</span> <span class='ocrx_word' id='word_1_213' title='bbox 636 2115 807 2152; x_wconf 84' lang='lat' dir='ltr'>decumis</span> <span class='ocrx_word' id='word_1_214' title='bbox 822 2122 975 2152; x_wconf 83' lang='lat' dir='ltr'>octavas</span> <span class='ocrx_word' id='word_1_215' title='bbox 991 2115 1160 2165; x_wconf 81' lang='lat' dir='ltr'>pendere</span> <span class='ocrx_word' id='word_1_216' title='bbox 1176 2116 1305 2165; x_wconf 85' lang='lat' dir='ltr'>jubet·‚</span> <span class='ocrx_word' id='word_1_217' title='bbox 1323 2116 1393 2152; x_wconf 90' lang='lat' dir='ltr'>bo-</span> 
     </span>
     <span class='ocr_line' id='line_1_32' title="bbox 239 2175 1393 2227; baseline -0.002 -13"><span class='ocrx_word' id='word_1_218' title='bbox 239 2190 364 2227; x_wconf 81' lang='lat' dir='ltr'>naque</span> <span class='ocrx_word' id='word_1_219' title='bbox 379 2189 586 2226; x_wconf 85' lang='lat' dir='ltr'>paucorum</span> <span class='ocrx_word' id='word_1_220' title='bbox 606 2175 737 2212; x_wconf 84' lang='lat' dir='ltr'>vendit</span> <span class='ocrx_word' id='word_1_221' title='bbox 752 2190 761 2219; x_wconf 93' lang='lat'>;</span> <span class='ocrx_word' id='word_1_222' title='bbox 782 2184 822 2212; x_wconf 81' lang='lat' dir='ltr'>et</span> <span class='ocrx_word' id='word_1_223' title='bbox 836 2182 927 2213; x_wconf 89' lang='lat' dir='ltr'>ante</span> <span class='ocrx_word' id='word_1_224' title='bbox 939 2175 1039 2212; x_wconf 88' lang='lat' dir='ltr'>diem</span> <span class='ocrx_word' id='word_1_225' title='bbox 1058 2186 1108 2211; x_wconf 87' lang='lat'>111</span> <span class='ocrx_word' id='word_1_226' title='bbox 1126 2175 1214 2212; x_wconf 88' lang='lat' dir='ltr'>Kal.</span> <span class='ocrx_word' id='word_1_227' title='bbox 1235 2175 1393 2217; x_wconf 75' lang='lat' dir='ltr'>Quinct-</span> 
     </span>
     <span class='ocr_line' id='line_1_33' title="bbox 240 2236 1389 2280; baseline -0.003 -5"><span class='ocrx_word' id='word_1_228' title='bbox 240 2250 354 2275; x_wconf 84' lang='lat' dir='ltr'>naves</span> <span class='ocrx_word' id='word_1_229' title='bbox 374 2237 621 2279; x_wconf 56' lang='lat' dir='ltr'>conse-ondin</span> <span class='ocrx_word' id='word_1_230' title='bbox 657 2244 710 2280; x_wconf 88' lang='lat' dir='ltr'>et,</span> <span class='ocrx_word' id='word_1_231' title='bbox 730 2249 752 2272; x_wconf 88' lang='lat' dir='ltr'>a</span> <span class='ocrx_word' id='word_1_232' title='bbox 780 2236 982 2277; x_wconf 78' lang='lat' dir='ltr'>Caralibus</span> <span class='ocrx_word' id='word_1_233' title='bbox 1007 2236 1219 2273; x_wconf 86' lang='lat' dir='ltr'>secundum</span> <span class='ocrx_word' id='word_1_234' title='bbox 1248 2243 1389 2273; x_wconf 88' lang='lat' dir='ltr'>terram</span> 
     </span>
     <span class='ocr_line' id='line_1_34' title="bbox 237 2296 1388 2349; baseline -0.001 -14"><span class='ocrx_word' id='word_1_235' title='bbox 237 2305 457 2349; x_wconf 81' lang='lat' dir='ltr'>provectus,</span> <span class='ocrx_word' id='word_1_236' title='bbox 478 2296 802 2334; x_wconf 85' lang='lat' dir='ltr'>duodetricesimo</span> <span class='ocrx_word' id='word_1_237' title='bbox 818 2296 894 2342; x_wconf 88' lang='lat' dir='ltr'>die,</span> <span class='ocrx_word' id='word_1_238' title='bbox 914 2309 961 2334; x_wconf 90' lang='lat' dir='ltr'>eo</span> <span class='ocrx_word' id='word_1_239' title='bbox 979 2297 1081 2348; x_wconf 93' lang='lat' dir='ltr'>quod</span> <span class='ocrx_word' id='word_1_240' title='bbox 1097 2297 1388 2347; x_wconf 86' lang='lat' dir='ltr'>tempestatibus</span> 
     </span>
     <span class='ocr_line' id='line_1_35' title="bbox 241 2357 1318 2409; baseline -0.001 -14"><span class='ocrx_word' id='word_1_241' title='bbox 241 2360 277 2395; x_wconf 86' lang='lat' dir='ltr'>in</span> <span class='ocrx_word' id='word_1_242' title='bbox 305 2359 490 2409; x_wconf 84' lang='lat' dir='ltr'>portubus</span> <span class='ocrx_word' id='word_1_243' title='bbox 510 2358 776 2403; x_wconf 85' lang='lat' dir='ltr'>cohibebatur,</span> <span class='ocrx_word' id='word_1_244' title='bbox 796 2357 845 2394; x_wconf 88' lang='lat' dir='ltr'>ad</span> <span class='ocrx_word' id='word_1_245' title='bbox 865 2358 996 2395; x_wconf 87' lang='lat' dir='ltr'>urbem</span> <span class='ocrx_word' id='word_1_246' title='bbox 1020 2358 1179 2396; x_wconf 84' lang='lat' dir='ltr'>Romam</span> <span class='ocrx_word' id='word_1_247' title='bbox 1200 2357 1318 2395; x_wconf 89' lang='lat' dir='ltr'>venit.</span> 
     </span>
    </p>
   </div>
  </div>
 </body>
</html>
