1472 2664
515 279 680 318 LIBER
737 280 770 317 Ι.
1165 279 1190 316 5

47 385 265 424 confectum
298 383 504 421 videretur.
559 383 706 425 Quibus
724 382 844 420 literis
863 380 1090 431 nunciisque
1111 379 1192 416 Ro-

49 459 149 484 mam
167 445 337 496 perlatis,
356 445 485 494 magni
504 444 658 481 domum
678 455 886 481 concursus
905 441 953 479 ad
973 440 1190 485 Afranium,

48 518 210 556 magnae
228 504 502 555 gratulationes
523 505 687 542 fiebant:
715 503 825 540 multi
844 515 893 540 ex
914 502 1024 540 Italia
1043 500 1092 538 ad
1121 500 1193 537 Cn.

52 566 277 616 Pompeium
305 564 670 615 proficiscebantur;
698 564 776 609 alii,
808 571 850 601 ut
867 562 1058 614 principes
1076 560 1192 597 talem

49 627 232 664 nuncium
252 625 446 667 attulisse3
473 625 549 669 alii,
570 637 617 662 ne
636 632 815 662 eventum
830 623 920 660 belli
935 622 1194 672 exspectasse,

51 692 118 722 aut
133 697 181 722 ex
201 685 378 722 omnibus
397 684 590 721 novissimi
608 684 772 730 venisse,
800 683 1032 721 viderentur.

96 743 200 780 LIV.
254 745 381 786 Quum
401 745 440 782 in
456 745 513 781 his
528 745 711 794 angustiis
726 758 784 782 res
797 752 911 789 esset,
931 751 1046 794 atque
1063 754 1195 779 omncs

53 805 136 842 viae
155 804 202 841 ab
224 804 442 842 Afranianis
470 805 654 842 militibus
682 805 949 856 equitibusque
976 803 1196 841 obsideren-

51 873 126 910 tur,
146 877 217 902 nec
232 872 369 914 pontes
381 865 513 916 perfici
534 873 705 916 possent;
725 866 887 916 imperat
899 864 1080 901 militibus
1097 864 1194 900 Cae-

54 938 128 971 sar,
149 932 190 962 ut
208 938 323 962 naves
344 924 499 970 faciant,
527 928 636 976 cujus
656 926 806 976 generis
827 938 914 963 eum
933 923 1193 975 superioribus

54 986 163 1023 annis
182 999 270 1023 usus
290 985 509 1023 Britanniae
529 986 727 1024 docuerat.
782 986 944 1023 Carinae
963 984 1125 1035 primum
1146 995 1193 1020 ac

53 1046 260 1083 statumina
286 1059 336 1083 ex
356 1046 428 1083 levi
456 1047 615 1084 materia
641 1047 809 1084 fiebant:
838 1046 1025 1096 reliquum
1058 1055 1197 1094 corpus

55 1106 220 1152 navium,
265 1106 467 1144 viminibus
504 1115 744 1152 contextum,
790 1106 903 1144 coriis
939 1105 1196 1154 integebatur.

61 1166 144 1203 Has
165 1166 353 1216 perfectas
372 1168 488 1205 carris
503 1167 647 1217 junctis
666 1167 821 1205 devehit
840 1174 957 1204 noctu
977 1165 1094 1202 millia
1113 1177 1197 1215 pas-

54 1240 163 1264 suum
191 1240 214 1264 a
239 1228 372 1265 castris
399 1239 505 1273 xxn,
534 1228 752 1279 militesque
779 1228 838 1265 his
870 1226 1028 1264 navibus
1055 1225 1198 1262 flumen

56 1294 302 1338 transportat,
335 1288 675 1339 continentemque
702 1289 806 1339 ripae
836 1287 973 1325 collem
994 1286 1197 1337 improviso

63 1357 243 1400 occupat.
296 1349 414 1386 Hunc
435 1349 626 1394 celeriter,
658 1350 879 1400 priusquam
899 1349 946 1386 ab
977 1346 1199 1385 adversariis

57 1409 257 1455 sentiatur,
290 1410 512 1447 communit.
568 1410 659 1448 Huc
686 1410 877 1460 legionem
896 1417 1032 1460 postea
1049 1408 1198 1458 transji-

58 1471 135 1513 cit;
161 1478 276 1521 atque
294 1484 344 1508 ex
363 1478 524 1521 utraque
542 1479 650 1521 parte
670 1479 825 1521 pontem
847 1470 1061 1508 institutum
1080 1469 1199 1506 biduo

57 1530 220 1581 perficit.
274 1531 334 1568 Ita
365 1531 582 1577 comitatus,
610 1540 649 1569 et
668 1532 732 1582 qui
751 1531 933 1569 frumenti
961 1543 1094 1568 caussa
1112 1543 1199 1580 pro-

57 1599 267 1637 cesserant,
286 1599 370 1629 tuto
385 1592 434 1629 ad
448 1605 487 1629 se
504 1592 655 1643 recipit,
675 1600 714 1630 et
726 1605 805 1630 rem
827 1591 1110 1630 frumentariam
1130 1604 1198 1628 ex-

58 1653 190 1703 pedire
210 1652 357 1703 incipit.

112 1711 195 1749 LV.
250 1713 398 1750 Eodem
424 1713 486 1750 die
505 1715 677 1765 equitum
697 1727 872 1765 magnam
892 1721 1039 1764 partem
1058 1713 1199 1750 flumen

58 1771 283 1821 transjecit:
311 1773 389 1822 qui,
423 1772 662 1824 inopinantes
690 1774 934 1824 pabulatores
961 1781 1000 1811 et
1018 1773 1098 1810 sine
1125 1773 1200 1810 ullo

61 1832 264 1882 dissipatos
284 1832 420 1869 timore
447 1834 631 1884 aggressi,
665 1847 775 1885 quam
796 1846 975 1884 magnum
1003 1846 1201 1870 numerum

59 1894 322 1941 jumentorum
353 1899 468 1943 atque
497 1894 693 1931 hominum
724 1894 990 1945 intercipiunt:
1036 1894 1202 1932 cohorti-

62 1953 209 2003 busque
229 1954 385 1991 cetratis
403 1954 572 1991 subsidio
591 1955 712 1992 missis
731 1956 897 1994 scienter
916 1955 952 1992 in
968 1955 1061 1992 duas
1076 1963 1203 2005 partes

62 2026 145 2050 sese
165 2013 419 2057 distribuunt;
448 2015 525 2060 alii,
544 2023 587 2053 ut
605 2017 770 2066 praedae
789 2016 978 2067 praesidio
998 2016 1097 2056 sint:
1124 2017 1202 2061 alii,

64 2082 107 2110 ut
126 2073 366 2112 venientibus
384 2076 575 2122 resistant,
594 2086 709 2127 atque
729 2089 794 2114 eos
814 2077 1050 2128 propellant:
1071 2090 1202 2114 unam-

65 2147 139 2184 que
159 2135 370 2180 cohortem‚
399 2149 496 2186 quae
515 2143 660 2174 temere
679 2144 769 2175 ante
789 2145 936 2175 ceteras
955 2146 1066 2175 extra
1083 2137 1205 2175 aciem

65 2203 322 2246 procurrerat,
341 2197 525 2234 seclusam
545 2198 593 2235 ab
612 2198 780 2249 reliquis,
808 2199 1125 2243 circumveniunt,
1150 2207 1206 2235 at-

64 2268 141 2305 que
160 2255 406 2303 interficiunt,
425 2258 713 2310 incolumesque
731 2273 819 2298 cum
834 2273 973 2312 magna
987 2261 1126 2312 praeda
1141 2273 1205 2298 eo-

64 2316 154 2354 dem
172 2325 289 2367 ponte
304 2318 341 2354 in
362 2327 486 2357 castra
503 2327 758 2359 revertuntur.
