1472 2664
196 251 220 283 2
476 244 550 282 DE
598 245 777 282 BELLO
826 245 996 283 CIVILI

193 348 310 394 niani,
331 347 448 398 quod,
468 361 583 398 quum
603 361 686 386 esse
706 348 874 386 omnium
890 348 1039 398 judicio
1060 348 1257 387 inferiores
1286 350 1340 387 vi-

193 410 389 455 derentur,
420 409 632 446 comminus
651 416 779 447 tamen
800 409 866 446 diu
891 409 1102 454 stetissent,
1134 416 1173 446 et
1192 417 1342 448 nostro-

195 484 278 508 rum
299 471 482 521 impetum
501 470 782 515 sustinuissent,
802 477 840 506 et
859 469 967 506 initio
983 469 1111 507 locum
1132 470 1342 507 tumulum-

194 543 268 581 que
299 530 524 575 tenuissent,
545 542 642 580 quae
663 542 796 567 caussa
815 529 1013 580 pugnandi
1032 529 1173 575 suerat,
1194 537 1234 567 et
1254 543 1341 568 nos-

192 600 270 630 tros
289 592 411 643 primo
431 603 637 641 congressu
658 598 766 640 terga
784 597 933 627 vertere
954 590 1191 640 coegissent;
1218 592 1338 629 nostri

192 660 335 699 autem,
355 652 471 702 quod,
505 651 635 702 iniquo
654 651 740 689 loco
762 658 876 701 atque
897 651 1031 701 impari
1052 651 1249 700 congressi
1268 664 1341 688 nu-

190 726 311 758 mero,
346 725 372 748 v
392 713 494 749 horis
522 713 709 762 proelium
729 712 1012 758 sustinuissent,
1046 712 1149 763 quod
1169 719 1339 749 montem

192 773 328 824 gladiis
344 773 536 810 destrictis
556 772 857 818 adscendissent,
878 773 981 823 quod
1000 786 1049 810 ex
1065 773 1151 810 loco
1171 773 1341 823 superio-

192 848 232 872 re
253 842 361 885 terga
375 842 525 872 vertere
544 833 779 871 adversarios
795 833 1027 883 coegissent,
1046 841 1161 884 atque
1177 835 1215 871 in
1231 835 1338 886 oppi-

190 896 279 932 dum
306 894 593 945 compulissent.
646 894 706 930 Illi
726 907 812 930 eum
833 895 1035 940 tumulum,
1055 908 1124 945 pro
1145 908 1220 946 quo
1241 909 1339 946 pug-

190 963 321 993 natum
341 962 414 1000 est,
446 954 594 1004 magnis
613 954 791 1005 operibns
819 953 1054 1001 munierunt,
1088 956 1337 1005 praesidium-

190 1029 264 1066 que
284 1016 335 1053 ibi
355 1022 578 1066 posuerunt.

240 1075 427 1112 XLVIII.
481 1075 638 1113 Accidit
653 1075 767 1112 etiam
788 1075 1032 1125 repentinum
1048 1075 1335 1114 incommodum

188 1137 319 1183 biduo,
353 1149 429 1187 quo
448 1136 544 1173 haec
574 1143 684 1186 gesta
703 1143 802 1172 sunt.
859 1135 984 1173 Tanta
1009 1136 1109 1173 enim
1131 1144 1342 1187 tempestas

189 1198 374 1243 couritur,
395 1204 451 1242 ut,
471 1209 665 1247 nunquam
685 1197 757 1233 illis
776 1196 871 1234 locis
890 1198 1054 1246 majores
1074 1210 1191 1247 aquas
1206 1197 1337 1244 fuisse,

187 1265 406 1296 constaret:
439 1265 519 1294 tum
554 1264 683 1295 autem
716 1270 765 1294 ex
800 1257 975 1294 omnibus
1008 1258 1203 1295 montibus
1232 1258 1338 1295 nives

186 1320 342 1371 proluit,
372 1332 417 1356 ac
437 1332 603 1356 summas
623 1319 722 1369 ripas
748 1319 914 1355 fluminis
944 1319 1152 1369 superavit,
1183 1327 1338 1370 pontes-

185 1393 261 1431 que
276 1380 403 1424 ambo,
424 1392 519 1430 quos
540 1380 584 1417 C.
607 1379 744 1417 Fabius
763 1380 923 1425 fecerat,
944 1393 1020 1417 uno
1038 1379 1100 1417 die
1121 1381 1338 1432 interrupit.

186 1442 296 1483 Quae
328 1452 389 1478 res
408 1453 565 1490 magnas
585 1439 827 1478 difficultates
852 1441 1041 1479 exercitui
1077 1442 1252 1479 Caesaris
1280 1450 1336 1479 at-

184 1501 285 1538 tulit.
319 1506 443 1537 castra
462 1500 577 1546 enim,
605 1507 647 1538 ut
665 1513 780 1551 supra
799 1501 1099 1539 demonstratum
1120 1511 1193 1548 est,
1220 1516 1336 1553 quum

183 1569 312 1598 essent
330 1561 430 1598 inter
448 1560 606 1598 flumina
631 1561 722 1607 duo,
758 1561 919 1599 Sicorim
941 1570 979 1599 et
999 1563 1174 1612 Cingam,
1209 1564 1333 1613 spatio

182 1623 343 1660 millium
363 1634 444 1659 xxx
471 1630 648 1659 neutrum
670 1623 806 1659 horum
826 1624 977 1660 transiri
996 1628 1164 1675 poterat,
1200 1638 1334 1662 neces-

182 1684 358 1734 sarioque
390 1696 522 1721 omnes
553 1683 611 1720 his
641 1684 826 1733 angustiis
855 1684 1176 1722 continebantur:
1209 1699 1335 1736 neque

182 1745 370 1790 civitates,
391 1756 488 1794 quae
501 1743 549 1780 ad
566 1743 738 1781 Caesaris
754 1744 959 1781 amicitiam
976 1753 1234 1791 accesserant,
1254 1745 1335 1783 fru-

181 1812 353 1842 mentum
374 1811 623 1856 supportare3
651 1818 775 1855 neque
795 1805 834 1850 ii,
856 1805 919 1855 qui
939 1806 1161 1855 pabulatum
1181 1806 1335 1857 longius

179 1866 370 1916 progressi
391 1873 513 1910 erant,
534 1865 729 1902 interclusi
749 1865 984 1911 fluminibus,
1005 1867 1165 1910 reverti3
1208 1880 1334 1917 neque

180 1927 338 1964 maximi
358 1926 573 1972 comitatus,
603 1926 666 1977 qui
687 1940 735 1964 ex
756 1927 867 1964 Italia
887 1926 1090 1978 Galliaque
1110 1929 1331 1972 veniebant,

181 1987 219 2023 in
251 1995 377 2024 castra
410 1986 610 2037 pervenire
643 1994 835 2037 poterant.
890 1988 1058 2038 Tempus
1091 1996 1219 2025 autem
1252 1995 1334 2026 erat

181 2049 271 2087 anni
305 2048 579 2094 difficillimum,
611 2061 686 2098 quo
719 2061 844 2099 neque
872 2048 1063 2085 frumenta
1096 2049 1133 2085 in
1166 2049 1334 2086 hibernis

181 2117 304 2156 erant,
324 2122 448 2160 neque
468 2109 629 2146 multum
645 2122 667 2146 a
685 2109 904 2146 maturitate
923 2110 1105 2147 aberant:
1134 2123 1179 2147 ac
1200 2110 1332 2147 civita-

181 2178 239 2207 tes
273 2170 504 2214 exinanitae,
539 2169 641 2219 quod
674 2169 857 2207 Afranius
887 2183 1009 2220 paene
1029 2183 1142 2207 omne
1161 2170 1328 2208 frumen-

181 2239 262 2267 tum
296 2240 384 2268 ante
416 2230 590 2267 Caesaris
627 2229 832 2267 adventum
866 2230 1032 2268 Ilerdam
1072 2239 1306 2268 convexerat
1323 2247 1332 2275 ;

184 2290 321 2342 reliqui
339 2290 475 2341 siquid
494 2290 632 2337 fuerat,
654 2290 795 2328 Caesar
807 2289 1066 2341 superioribus
1085 2290 1220 2329 diebus
1240 2304 1331 2329 con-
