1472 2664
488 298 652 335 LIBER
704 298 777 335 111.
1147 302 1197 338 95

68 409 177 439 runt:
196 401 327 439 eadem
343 412 416 446 res,
432 401 627 438 celeritate
641 399 920 451 insequentium
937 400 1096 446 tardata,
1112 414 1198 438 nos-

70 463 137 499 tris
156 462 314 499 salutem
327 461 466 498 attulit.

116 522 261 558 LXXI.
317 522 479 559 Duobus
498 521 556 558 his
576 521 685 558 unius
704 520 779 558 dici
797 520 949 570 proeliis
970 520 1112 558 Caesar
1132 521 1199 557 de-

67 581 244 618 sideravit
262 580 399 618 milites
419 593 615 626 DCCCCLx,
636 589 674 618 et
693 587 802 618 notos
818 581 965 630 equites
985 581 1094 618 Rom.
1115 581 1198 617 Fel-

67 640 234 690 ginatem
255 639 484 677 Tuticanum
504 641 671 686 Gallum,
691 640 876 677 senatoris
890 640 1027 683 filiurn;
1055 640 1100 677 C.
1115 640 1199 677 Fel-

66 701 234 750 ginatem
249 700 462 743 Placentia;
483 702 531 737 A.
552 701 737 738 Granium
754 700 942 744 Puteolis;
963 701 1018 738 M.
1037 700 1201 738 Sacrati-

65 759 186 797 virum
206 760 359 810 Capua;
388 753 562 798 tribunos
581 761 742 797 militum
756 768 794 797 et
807 760 1050 799 centuriones
1069 773 1198 798 xxxn.

67 819 144 857 Sed
162 820 296 856 horum
316 820 484 856 omnium
503 833 588 869 pars
608 832 746 870 magna
764 820 801 856 in
821 819 945 865 fossis,
975 820 1194 856 munitioni-

65 880 226 930 busque,
246 888 285 917 et
303 880 468 917 fluminis
486 881 590 930 ripis,
619 893 799 930 oppressa
818 893 970 916 suorum
990 887 1136 917 terrore
1156 893 1202 917 ac

65 939 170 990 fuga,
189 940 269 976 sine
284 940 360 977 ullo
379 940 534 977 vulnere
550 940 705 986 interiit,
726 940 908 990 signaque
924 949 1012 976 sunt
1026 940 1202 977 militaria

67 1012 181 1036 xxxu
202 1000 349 1037 amissa.
385 1000 590 1050 Pompeius
609 1013 655 1036 eo
675 1000 819 1050 proelio
839 1001 1044 1049 imperator
1063 1008 1120 1036 est
1135 1013 1200 1050 ap-

65 1061 240 1110 pellatus.
275 1061 366 1097 Hoc
386 1073 523 1097 nomen
541 1061 718 1105 obtinuit,
738 1068 852 1110 atque
868 1060 921 1097 ita
934 1073 973 1097 se
994 1067 1124 1110 postea
1143 1073 1201 1097 sa-

66 1121 178 1158 lutari
203 1134 335 1172 passus
354 1129 434 1158 est:
467 1121 533 1158 sed
553 1134 676 1171 neque
697 1122 732 1157 in
753 1121 884 1166 literis,
914 1133 1006 1170 quas
1032 1121 1198 1157 scribere

67 1189 124 1218 est
143 1181 288 1226 solitus,
308 1193 432 1231 neque
449 1180 485 1216 in
505 1180 681 1225 fascibus,
702 1180 863 1230 insignia
881 1180 1030 1217 laureae
1050 1188 1202 1230 praetu-

65 1240 120 1277 lit.
176 1241 230 1277 At
249 1240 454 1285 Labienus,
483 1253 598 1290 quum
618 1241 664 1277 ab
685 1252 731 1277 eo
750 1240 1042 1290 impetravisset,
1073 1248 1113 1278 ut
1131 1241 1201 1278 sibi

66 1301 236 1351 captivos
251 1301 346 1338 tradi
362 1301 528 1351 juberet,
549 1313 680 1337 omnes
698 1301 906 1351 productos
922 1302 1200 1347 ostentationis,

67 1369 109 1399 ut
123 1361 336 1407 videbatur,
351 1373 496 1407 caussa,
513 1373 588 1411 quo
604 1362 722 1410 major
737 1361 918 1410 perfugae
934 1361 1027 1398 fides
1042 1362 1200 1399 habere-

66 1429 141 1467 tur,
162 1421 439 1459 commilitones
460 1422 667 1471 appellans,
688 1430 726 1458 et
741 1434 879 1470 magna
893 1423 1094 1459 verborum
1111 1435 1201 1459 con-

66 1482 221 1519 tumelia
239 1482 488 1531 interrogans,
510 1481 726 1518 solerentne
746 1482 916 1518 veterani
936 1481 1072 1518 milites
1092 1481 1200 1531 fuge-

68 1556 122 1588 re,
150 1543 189 1579 in
208 1542 376 1580 omnium
396 1550 607 1592 conspectu
627 1540 820 1578 interfi'cit.

117 1603 283 1640 LXXII.
312 1603 385 1640 His
400 1603 511 1640 rebus
527 1609 673 1639 tantum
686 1602 848 1639 fiduciae
863 1615 908 1639 ae
921 1603 1074 1653 spiritus
1089 1603 1200 1641 Pom-

67 1663 211 1714 peianis
224 1663 399 1708 accessit,
412 1672 454 1700 ut
469 1676 544 1700 non
562 1663 609 1699 de
624 1663 768 1700 ratione
783 1663 872 1699 belli
886 1663 1112 1713 cogitarent,
1133 1664 1201 1701 sed

66 1724 201 1762 vicisse
216 1726 294 1774 jam
313 1724 384 1760 sibi
402 1724 637 1761 viderentur.
691 1723 779 1759 Non
798 1723 850 1759 illi
866 1724 1096 1773 paucitatem
1113 1738 1201 1762 nos-

67 1791 211 1821 trorum
232 1784 406 1830 militum,
426 1797 502 1821 non
518 1784 755 1834 iniquitatem
774 1783 848 1820 loci
863 1792 977 1834 atque
990 1785 1198 1835 angustias,

68 1845 356 1895 praeoccupatis
375 1844 521 1890 castris,
540 1853 580 1882 et
598 1845 801 1894 ancipitem
817 1851 1000 1881 terrorem
1016 1845 1115 1883 intra
1133 1858 1201 1882 ex-

68 1914 202 1956 traque
215 1905 458 1950 munitiones,
474 1918 550 1942 non
565 1905 773 1942 abscissum
790 1904 826 1940 in
842 1904 934 1940 duas
951 1912 1076 1954 partes
1091 1918 1200 1942 exer-

67 1966 200 2011 citum,
228 1979 344 2016 quum
362 1966 482 2003 altera
509 1965 617 2002 alteri
636 1964 819 2001 auxilium
837 1963 937 2001 ferre
956 1976 1032 2000 non
1057 1973 1200 2014 posset,

68 2039 224 2064 caussae
250 2026 363 2063 fuisse
395 2025 625 2075 cogitabant.
682 2024 768 2061 Non
794 2025 842 2061 ad
869 2024 965 2062 haec
993 2024 1199 2071 addebant,

68 2099 145 2122 non
165 2098 214 2122 ex
234 2098 423 2122 concursu
442 2085 519 2122 acri
539 2085 654 2130 facto,
686 2097 760 2121 non
782 2084 926 2134 proelio
955 2084 1174 2122 dimicatum
1191 2101 1200 2129 ;

69 2144 215 2193 sibique
236 2144 337 2194 ipsos
357 2144 597 2181 multitudine
625 2152 739 2194 atque
758 2143 942 2193 angustiis
961 2145 1082 2193 majus
1101 2151 1200 2182 attu-

68 2204 154 2241 lisse
174 2204 457 2250 detrimentum,
483 2218 596 2254 quam
614 2205 661 2241 ab
680 2205 790 2241 hoste
809 2204 1058 2254 accepissent.
1112 2204 1200 2242 Non

72 2265 236 2315 denique
257 2277 478 2302 communes
505 2265 593 2302 belli
614 2277 722 2302 casus
743 2265 1056 2309 recordabantur,
1087 2278 1200 2314 quain

70 2325 247 2376 parvulae
265 2338 379 2376 saepe
399 2337 554 2363 caussae
573 2325 632 2362 vel
650 2324 765 2363 falsae
785 2324 1022 2376 suspicioni-²2,
1047 2324 1107 2362 vel
1125 2332 1202 2362 ter-
