1472 2664
461 281 626 319 LIBER
677 281 752 319 111.
1127 284 1201 324 117

60 382 269 431 Victoriae,
300 384 403 435 quod
422 391 510 422 ante
531 385 647 435 ipsam
671 384 886 422 Minervam
910 383 1138 422 collocatum
1157 398 1198 422 e-

60 453 132 491 rat,
162 453 201 482 et
219 452 306 482 ante
325 445 373 482 ad
402 445 646 483 simulacrum
676 445 876 483 Minervae
902 445 1113 496 spectabat,
1149 445 1199 483 ad

59 507 185 543 valvas
206 519 246 542 se
265 506 410 556 templi,
441 505 647 556 limenque,
676 506 919 543 convertisse.
974 505 1198 556 Eodemque

60 567 123 604 die
146 567 375 604 Antiochiae
394 566 432 603 in
466 566 576 617 Syria
595 567 651 603 bis
679 574 807 603 tantus
827 566 1023 604 exercitus
1056 566 1200 603 clamor

58 634 97 664 ct
116 628 310 677 signorum
341 639 456 665 sonus
476 627 680 664 exauditus
700 635 772 672 est,
800 635 842 664 ut
861 627 898 664 in
919 626 1036 664 muris
1055 634 1200 664 armata

56 688 188 725 civitas
218 689 462 725 discurreret.
515 688 605 724 Hoc
637 688 736 724 idem
771 687 1007 725 Ptolemaide
1043 687 1198 724 accidit.

56 748 233 799 Pergami
250 749 285 785 in
302 749 464 786 occultis
481 761 526 785 ac
542 748 749 786 reconditis
769 748 917 797 templi,
938 761 1027 798 quo,
1047 754 1199 796 praeter

55 809 291 855 sacerdotes,
321 809 426 846 adire
445 809 501 846 fas
521 822 596 846 non
617 817 688 854 est,
722 822 819 859 quae
840 810 979 847 Gracci
1011 807 1114 848 κδυἾοι
1131 822 1198 861 ap-

56 871 217 922 pellant,
236 878 417 921 tympana
437 877 662 907 sonuerunt.
718 870 815 907 Item
837 869 1027 908 Trallibus
1047 872 1084 907 in
1104 879 1198 909 tem·

55 932 120 982 plo
150 930 360 975 Victoriae,
394 930 455 966 ubi
476 930 650 968 Caesaris
679 939 842 968 statuam
864 940 1198 977 consecraverant,

58 993 185 1043 palma
204 1004 271 1042 per
290 1003 356 1028 eos
375 991 454 1028 dies
474 991 514 1027 in
534 998 637 1028 tecto
666 991 765 1028 inter
784 999 1012 1040 coagmenta
1030 993 1198 1043 lapidum

58 1066 107 1091 ex
129 1053 347 1102 pavimento
368 1051 562 1088 exstitisse
583 1052 866 1089 ostendebatur.

111 1113 214 1152 CVI.
269 1112 424 1158 Caesar,
444 1125 586 1162 paucos
606 1112 686 1149 dies
707 1113 744 1149 in
766 1113 859 1150 Asia
878 1121 1059 1159 moratus,
1079 1128 1197 1165 quum

57 1174 227 1212 audisset
250 1173 473 1224 Pompeium
494 1173 611 1224 Cypri
631 1174 766 1220 v1sum,
795 1175 1032 1223 conjectans,
1051 1188 1138 1213 eum
1158 1176 1197 1213 in

58 1237 283 1285 Aegyptum
306 1234 376 1271 iter
401 1234 556 1279 habere,
577 1240 732 1284 propter
752 1234 1056 1272 necessitudines
1076 1236 1198 1286 regni,

58 1295 297 1346 reliquasque
318 1295 398 1343 ejus
418 1294 493 1331 loci
512 1294 833 1345 opportunitates,
861 1307 947 1332 cum
968 1295 1197 1346 legionibus,

56 1369 145 1402 una,
177 1368 289 1406 quam
310 1367 357 1392 ex
380 1355 578 1392 Thessalia
601 1367 642 1392 se
661 1355 767 1405 sequi
781 1357 961 1405 jusserat,
989 1364 1027 1393 et
1058 1357 1193 1404 altera,

58 1430 172 1468 quam
193 1429 242 1454 ex
263 1416 414 1453 Achaia
431 1428 453 1453 a
482 1416 529 1457 Q.
549 1415 656 1452 Fufio
675 1416 803 1466 legato
821 1425 1062 1464 evocaverat,
1089 1420 1198 1470 equi-

55 1478 233 1528 tibusque
254 1489 370 1523 Dccc,
390 1483 430 1514 et
449 1476 606 1513 navibus
625 1477 748 1527 longis
771 1477 930 1515 Rhodiis
949 1491 989 1524 x,
1017 1486 1056 1516 et
1086 1480 1196 1518 Asia-

56 1539 143 1577 ticis
163 1538 307 1588 pauciS‚
337 1537 613 1575 Alexandriam
635 1537 822 1587 pervenit.
876 1537 920 1575 In
940 1538 997 1576 his
1017 1547 1125 1578 erant
1143 1540 1196 1578 le-

57 1599 234 1649 gionibus
253 1598 447 1636 hominum
472 1611 520 1635 111
543 1598 659 1635 millia
678 1610 738 1635 cc.
793 1598 960 1649 Reliqui,
978 1600 1198 1639 vulneribus

55 1672 105 1697 ex
137 1659 306 1710 proeliis,
335 1666 374 1697 et
393 1659 539 1706 labore,
567 1671 612 1696 ac
632 1658 894 1709 magnitudine
913 1659 1072 1707 itineris,
1106 1674 1198 1699 con-

57 1720 164 1766 fecti,
185 1720 367 1770 consequi
386 1732 461 1757 non
483 1727 702 1770 potuerant.
757 1720 834 1758 Sed
854 1720 1009 1766 Caesar,
1030 1723 1195 1760 confisus

57 1780 160 1818 fama
178 1793 303 1818 rerum
323 1788 531 1831 gestarum,
562 1781 720 1817 infirmis
739 1780 890 1818 auxiliis
910 1781 1099 1831 proficisci
1119 1796 1195 1820 non

57 1841 316 1883 dubitaverat:
336 1850 450 1892 atquc
467 1855 617 1879 omnem
634 1841 704 1878 sibi
720 1841 845 1878 locum
861 1848 985 1878 tutum
1000 1841 1082 1879 fore
1096 1843 1197 1881 exis·-

58 1902 230 1939 timabat.
285 1902 544 1939 Alexandriae
564 1902 612 1940 de
640 1902 813 1952 Pompeii
833 1910 954 1939 morte
975 1904 1195 1953 cognoscit:

56 1969 172 2013 atque
191 1963 242 1999 ibi
262 1963 423 2013 primum
444 1976 465 2000 e
481 1963 565 2000 navi
586 1963 787 2013 egrediens
807 1963 1011 2000 clamorem
1033 1964 1196 2002 militurn

57 2022 178 2068 audit,
206 2035 300 2073 quos
319 2036 388 2060 rex
408 2023 445 2060 in
465 2024 607 2074 oppido
627 2023 805 2073 praesidii
824 2016 958 2061 caussa
977 2023 1196 2075 reliquerat,

60 2090 100 2120 et
117 2096 345 2122 concursum
377 2084 425 2121 ad
444 2097 484 2122 se
504 2084 582 2122 fieri
610 2084 728 2129 videt,
756 2085 860 2135 quod
888 2084 1011 2122 fasces
1031 2085 1197 2124 antefer-

58 2151 203 2181 rentur.
258 2144 302 2181 In
322 2145 395 2182 hoc
415 2145 537 2182 omnis
555 2145 759 2182 multitudo
791 2147 1029 2194 majestatem
1050 2148 1195 2197 regiam

58 2205 176 2242 minui
193 2205 449 2256 praedicabat.
483 2206 573 2243 Hoc
589 2206 720 2243 sedato
737 2206 915 2252 tumultu,
932 2207 1089 2244 crebrae
1105 2220 1198 2245 con-

60 2265 176 2303 tinuis
195 2266 328 2304 diebus
348 2279 398 2304 ex
417 2279 607 2304 concursu
638 2267 892 2305 multitudinis
920 2268 1197 2306 concitationes

59 2326 215 2372 fiebant,
246 2327 538 2377 compluresque
572 2327 710 2366 milites
740 2328 853 2378 liujus
885 2329 989 2366 urbis
1021 2329 1197 2367 omnibus

63 2386 233 2437 partibus
251 2387 590 2426 interficiebantur.
