1472 2664
273 245 344 282 174
710 241 761 278 A.
800 239 979 277 H1RT11

265 342 421 394 poribus
439 341 578 388 fuerat,
597 343 756 380 tabellas
775 343 942 393 signatas
960 342 1132 387 dederat,
1152 347 1193 379 ut
1208 340 1246 379 in
1262 348 1410 392 tempo-

267 415 324 449 re,
361 403 405 440 iis
441 403 636 453 perlectis,
674 404 801 442 locum
833 412 982 441 certum
1017 410 1195 454 peterent
1231 402 1410 440 universi.

265 464 381 507 Quod
409 465 564 501 minime
594 465 797 502 Caesarem
824 464 1039 502 fefellerat:
1068 477 1232 514 namque
1263 465 1410 502 nullum

265 533 417 575 portum
438 532 561 562 terrae
592 525 762 571 Africae,
791 538 868 576 quo
891 526 1033 564 classes
1060 525 1322 571 decurrerent,
1340 538 1410 576 pro

266 593 373 623 certo
392 593 517 622 tutum
548 586 595 622 ab
617 586 782 623 hostium
801 586 992 636 praesidio
1018 586 1101 623 fore
1121 585 1385 636 suspicabatur
1403 601 1412 629 ;

265 646 332 684 sed
350 646 510 684 fortuitu
529 647 695 684 oblatam
720 647 962 698 occasionem
991 659 1168 697 egressus
1193 646 1412 697 aucupaba-

267 716 342 744 tur.

318 768 387 804 1V.
439 767 486 804 L.
507 767 670 805 Plancus
688 768 840 805 interim
867 768 1016 818 legatus
1044 768 1139 818 petit
1167 780 1190 805 a
1223 767 1403 814 Caesare,

269 829 324 866 uti
343 828 414 866 sibi
429 828 538 865 daret
556 828 779 866 facultatem
795 842 882 866 cum
904 829 1086 866 Considio
1106 829 1260 878 agendi,
1279 829 1309 865 si
1325 841 1412 879 pos·

268 897 328 927 set
344 889 474 940 aliqua
492 889 638 926 ratione
656 889 817 939 perduci
836 889 884 926 ad
903 889 1117 926 sanitatem.
1176 889 1328 939 Itaque,
1347 890 1413 927 da-

271 956 310 986 ta
327 948 524 993 facultate,
543 947 672 985 literas
693 948 914 993 conscribit,
934 955 974 985 et
991 961 1055 985 eas
1075 948 1226 999 captivo
1246 949 1312 987 dat
1325 961 1413 1000 per-

271 1008 448 1046 ferendas
462 1009 498 1045 in
520 1008 703 1059 oppidum
723 1009 771 1046 ad
790 1009 1027 1046 Considium.
1063 1011 1150 1051 Quo
1165 1009 1276 1047 simul
1295 1017 1412 1061 atque

273 1069 445 1120 captivus
464 1069 711 1119 pervenisset,
740 1069 962 1120 lsterasque,
993 1078 1035 1107 ut
1067 1077 1150 1107 erat
1180 1070 1416 1117 mandatum,

273 1128 458 1167 Considio
475 1129 671 1179 porrigere
691 1129 894 1180 coepisset,
915 1129 1019 1181 prius
1033 1142 1145 1180 quam
1158 1129 1351 1180 acciperet
1372 1129 1416 1166 il·

273 1191 324 1236 le,
345 1190 473 1236 Unde,
493 1190 629 1240 inquit,
658 1190 774 1228 istas?
797 1190 895 1227 Tum
917 1191 1107 1242 captivus:
1136 1190 1371 1241 Imperatore
1395 1203 1417 1228 a

275 1252 451 1289 Caesare.
506 1250 616 1288 Tunc
655 1250 871 1297 Considius,
902 1252 1012 1290 Unus
1030 1259 1102 1298 est,
1130 1251 1266 1301 inquit,
1287 1251 1417 1302 Scipio

274 1312 480 1362 imperator
498 1312 572 1348 hoe
600 1319 772 1362 tempore
803 1312 934 1362 populi
967 1311 1142 1349 Romani.
1210 1312 1348 1349 deinde
1379 1311 1418 1348 in

276 1381 486 1423 conspectu
507 1385 574 1410 suo
595 1372 787 1422 captivum
808 1373 933 1410 statim
950 1372 1111 1410 interfici
1123 1373 1251 1423 jubet;
1270 1372 1418 1410 literas-

277 1446 365 1484 que,
393 1433 560 1470 nondum
582 1434 783 1484 perlectas,
803 1434 903 1472 sicut
921 1440 1031 1472 erant
1048 1434 1233 1485 signatae,
1263 1433 1329 1471 dat
1347 1434 1415 1471 ho-

276 1494 367 1531 mini
396 1502 502 1532 certo
523 1495 572 1532 ad
602 1495 821 1545 Scipionem
849 1494 1109 1545 perferendas.

329 1555 375 1593 V.
442 1555 664 1606 Postquam,
684 1569 760 1593 una
783 1563 897 1594 nocte
915 1563 954 1594 et
973 1547 1035 1594 die
1054 1556 1102 1594 ad
1121 1555 1304 1606 oppidum
1325 1568 1418 1593 con-

277 1625 412 1662 sumta,
445 1629 570 1668 neque
590 1630 813 1668 responsum
845 1617 963 1655 ullum
983 1630 1006 1654 a.
1032 1617 1215 1656 Considio
1234 1617 1416 1660 dabatur;

277 1689 403 1728 neque
430 1677 464 1714 ei
484 1677 653 1727 reliquae
682 1678 815 1728 copiae
834 1677 1135 1721 succurrebant;
1161 1690 1286 1728 neque
1313 1677 1419 1728 equi-

277 1745 359 1775 tatu
378 1737 612 1781 abundabam
632 1745 671 1775 et
690 1738 738 1775 ad
754 1737 936 1784 oppidum
951 1737 1250 1788 oppugnandum
1266 1750 1343 1775 non
1359 1750 1417 1775 sa-

278 1799 325 1835 tis
343 1798 537 1849 copiarum
559 1799 737 1845 habebat,
774 1807 812 1836 et
832 1812 895 1836 eas
921 1799 1112 1842 tironum;
1140 1811 1265 1850 neque
1297 1799 1419 1850 primo

278 1860 444 1898 adventu
465 1860 728 1898 convulnerari
747 1860 960 1898 exercitum
977 1860 1150 1903 volebat;
1177 1868 1216 1898 et
1235 1861 1365 1911 oppidi
1379 1873 1419 1898 e-

279 1921 412 1971 gregia
429 1921 604 1967 munitio,
624 1929 661 1958 et
683 1920 841 1958 difficilis
869 1920 917 1958 ad
937 1921 1236 1972 oppugnandum
1257 1929 1337 1960 erat
1355 1935 1419 1961 ac-

280 1995 408 2020 cessus
423 1999 433 2026 ;
461 1990 501 2020 et
525 1983 805 2020 nunciabantur
823 1982 966 2019 auxilia
984 1995 1123 2032 magna
1141 1983 1333 2033 equitatus
1353 1996 1420 2033 op-

280 2043 429 2094 pidanis
448 2044 643 2094 suppetias
662 2042 802 2080 venire:
836 2055 912 2079 non
949 2050 1008 2081 est
1035 2043 1115 2080 visa
1145 2043 1243 2081 ratIO
1270 2043 1319 2081 ad
1352 2056 1420 2094 opu

280 2104 528 2155 pugnandum
556 2104 738 2155 oppidum
766 2103 1041 2150 commorandi,
1060 2116 1123 2149 ne,
1156 2103 1245 2141 dum
1262 2103 1299 2141 in
1319 2116 1366 2141 ea
1381 2116 1420 2141 re

280 2165 421 2203 Caesar
436 2172 535 2202 esset
550 2173 774 2216 occupatus,
795 2165 1077 2203 circumventus
1091 2177 1112 2202 a
1126 2172 1236 2215 tergo
1251 2165 1298 2202 ab
1313 2165 1419 2215 cqui-

282 2234 365 2266 tatu
384 2227 549 2264 hostium
568 2227 769 2264 laboraret.

333 2287 402 2325 VI.
472 2288 622 2339 Itaque,
656 2296 779 2326 castra
806 2301 923 2340 quum
954 2300 1107 2327 movere
1135 2288 1264 2335 vellet,
1296 2287 1420 2326 subito
