1472 2664
609 472 685 509 DE

98 599 430 652 BELLO
518 598 1201 654 HISPANIENSI

340 744 601 786 INCERTI
652 747 966 788 AUCTORIS

458 983 623 1022 LIBER
669 985 830 1024 UNUS.

128 1105 160 1141 I.
204 1103 509 1142 PHARNACE
530 1111 723 1154 superato,
746 1103 879 1142 Africa
897 1112 1066 1155 recepta,
1086 1105 1149 1155 qui
1168 1117 1218 1142 ex

77 1166 121 1204 iis
136 1165 288 1217 proeliis
303 1177 389 1203 cum
403 1164 646 1202 adolescente
663 1164 734 1202 Cn.
751 1164 934 1215 Pompeio
949 1164 1220 1216 profugissent,

76 1239 193 1278 quum
213 1233 252 1264 et
272 1225 460 1263 ulterioris
481 1224 690 1275 Hispaniae
710 1225 854 1276 potitus
873 1233 987 1271 esset,
1015 1225 1105 1264 dum
1126 1226 1223 1264 Cae-

76 1297 136 1324 sar
155 1285 376 1324 muneribus
395 1284 528 1323 dandis
548 1286 586 1323 in
606 1285 717 1323 Italia
739 1285 948 1329 detinetur;
976 1298 1052 1336 quo
1070 1285 1219 1324 facilius

76 1346 265 1398 praesidia
278 1354 412 1384 contra
424 1359 507 1385 com
515 1355 664 1397 pararet
678 1344 895 1397 Pompeius,
912 1346 948 1383 in
965 1345 1076 1384 fidem
1093 1346 1224 1383 unius—

78 1409 265 1459 cujusque
284 1407 447 1445 civitatis
467 1406 676 1458 confugere
697 1407 836 1458 coepit.
890 1407 949 1445 Ita
966 1407 1107 1458 partim
1132 1419 1220 1458 pre-

78 1469 199 1515 cibus,
219 1468 356 1520 partim
374 1468 424 1513 vi,
456 1468 555 1505 bene
583 1480 720 1518 magna
740 1477 958 1519 comparata
978 1481 1106 1513 manu,
1134 1480 1221 1518 pro·

75 1528 240 1566 vinciam
260 1537 420 1566 vastare.
467 1529 615 1571 Quibus
634 1528 672 1565 in
694 1529 807 1566 rebus
825 1528 1031 1566 nonnullae
1051 1528 1222 1566 civitates

77 1601 146 1628 sua
164 1596 300 1640 sponte
327 1589 468 1626 auxilia
496 1589 722 1627 mittebant:
754 1589 844 1627 item
865 1589 1070 1627 nonnullae
1088 1598 1219 1639 portas

78 1657 212 1688 contra
231 1649 474 1687 claudebant.
519 1648 581 1687 Ex
597 1649 733 1700 quibus
751 1649 872 1700 siqua
891 1649 1031 1700 oppida
1050 1650 1088 1687 vi
1108 1662 1222 1700 cepe-

76 1717 148 1756 rat,
169 1723 286 1761 quum
304 1709 440 1761 aliquis
459 1723 509 1748 ex
529 1723 575 1748 ea
594 1710 747 1748 civitate
767 1711 910 1761 optime
936 1709 984 1747 de
1011 1710 1084 1748 Cn.
1105 1709 1222 1747 Pom-

77 1771 165 1823 peio
183 1771 342 1808 meritus
362 1771 455 1808 civis
475 1778 588 1817 esset,
608 1780 765 1822 propter
789 1771 976 1822 pecuniae
995 1771 1223 1821 magnitudi-

77 1843 165 1869 nem
180 1831 306 1882 aliqua
318 1832 352 1870 ei
368 1832 602 1870 inferebatur
623 1844 768 1877 caussa,
788 1840 844 1877 ut,
864 1845 911 1870 eo
927 1832 974 1870 de
990 1831 1116 1869 medio
1135 1831 1224 1868 sub-

77 1892 171 1938 lato,
187 1905 237 1930 ex
253 1894 334 1942 ejus
350 1893 515 1942 pecunia
528 1893 717 1930 latronum
732 1892 884 1942 largitio
899 1891 1020 1930 fieret.
1056 1890 1117 1928 Ita
1130 1903 1224 1941 pau·

79 1952 134 1990 cis
155 1951 365 1990 commodis
385 1953 494 1990 hoste
513 1952 681 1998 hortato,
703 1954 866 2003 majores
892 1951 1133 2002 augebantur
1157 1963 1221 1988 co·

76 2013 188 2063 piae:
217 2013 265 2050 ob
281 2012 356 2051 hoc
371 2012 515 2050 crebris
533 2013 681 2050 nunciis
701 2013 738 2050 in
759 2012 908 2050 Italiam
926 2012 1063 2057 missis,
1093 2012 1226 2050 civita-

79 2082 136 2112 tes
159 2073 372 2112 contrariae
395 2072 579 2124 Pompeio
598 2074 741 2111 auxilia
759 2073 830 2111 sibi
849 2073 1157 2124 depostulabant.

133 2134 186 2172 11.
241 2135 287 2172 C.
307 2135 462 2180 Caesar,
494 2133 660 2172 dictator
689 2148 756 2180 111,
775 2134 995 2184 designatus
1016 2145 1076 2179 lv,
1096 2133 1225 2171 multis

81 2195 282 2234 itineribus
301 2202 390 2233 ante
410 2195 611 2241 confectis,
642 2208 758 2246 quum
779 2195 894 2233 celeri
913 2194 1158 2232 festinatione
1177 2194 1225 2232 ad

81 2255 226 2294 bellum
259 2255 542 2294 conficiendum
572 2257 610 2293 in
647 2255 873 2307 Hispaniam
902 2255 1080 2300 venisset,
1110 2255 1227 2305 legati

82 2316 366 2364 Cordubenses,
393 2317 458 2368 qui
478 2316 591 2356 aCn.
619 2316 804 2369 Pompeio
833 2317 1099 2362 discesserant«,
1129 2315 1226 2354 Cae-
