1472 2664
256 287 332 325 DE
360 288 538 325 BELLO
567 288 744 326 AFRIC.
780 289 957 326 LIBER.
1114 293 1187 329 199

49 394 74 412 “
102 396 237 427 contra
255 403 315 427 me
331 405 340 427 :
381 403 456 441 ego
487 398 616 428 autem
647 404 698 429 ex
729 391 823 429 meis
852 391 1187 438 commilitonibus,

46 455 74 474 “
101 463 196 501 quos
215 451 375 489 nuncin
395 459 462 489 tua
489 460 598 489 tenes
624 458 828 502 potestate,
856 465 932 489 non
965 452 1125 502 amplius
1157 466 1184 489 x

46 516 72 534 ‘⁴
97 524 256 548 sumam.
285 520 377 549 tunc
397 525 444 550 ex
469 513 610 550 virtute
635 521 765 550 nostra
792 512 996 563 intelliges,
1025 513 1184 563 quidex

44 576 70 594 “
99 571 175 608 tuis
195 572 314 622 copiis
333 585 486 623 sperare
505 573 688 611 debeas.”

94 631 239 670 XLVI.
299 633 506 684 Postquam
525 634 622 671 haec
654 634 829 672 centurio
846 633 1037 685 praesenti
1057 633 1185 671 animo

42 692 223 730 adversus
241 694 459 744 opinionem
482 695 563 744 ejus
578 702 636 731 est
655 695 819 740 locutus,
840 695 895 732 ira
912 695 1081 745 percitus
1102 694 1185 732 Sei-

43 753 120 804 pio,
148 760 265 803 atque
283 754 398 791 animi
430 754 562 792 dolore
587 755 780 800 incensus,
799 755 933 792 adnuit
952 755 1184 793 centurioni-

40 813 125 859 bus,
145 813 236 864 quid
254 813 337 852 fieri
358 814 491 851 vellet:
520 822 636 865 atque
663 822 752 852 ante
780 815 899 865 pedes
917 816 1183 854 centurionem

37 874 232 920 interficit,
245 875 487 925 reliquosque
494 884 693 914 veteranos
705 888 727 912 a
738 876 926 914 tironibus
933 877 1044 925 jubet
1056 889 1183 914 secer-

36 935 88 972 ni.
110 941 136 959 “
151 936 393 982 Abducite‚''
413 937 548 987 inquit,
564 942 591 960 “
608 936 714 982 istos,
733 936 880 974 nefario
895 938 1038 975 scelere
1051 945 1184 975 conta-

39 1000 66 1019 “
94 996 272 1042 minatos,
287 1003 327 1034 et
342 997 460 1034 caede
480 996 619 1035 clvium
638 997 872 1047 saginatos.''
895 998 959 1035 Sic
983 1006 1093 1035 extra
1106 998 1182 1035 val-

38 1055 117 1093 lum
132 1056 291 1094 deducti
308 1064 411 1102 sunt,
437 1064 476 1094 et
501 1057 757 1095 cruciabiliter
776 1057 982 1094 interfecti.
1019 1058 1182 1095 Tirones

37 1123 166 1154 autem
194 1117 305 1166 jubet
333 1118 432 1154 inter
462 1117 633 1167 legiones
662 1116 868 1167 dispertiri,
898 1124 937 1154 et
963 1117 1181 1155 Cominium

36 1189 124 1214 cum
138 1177 273 1214 Ticida
283 1177 322 1214 in
336 1185 585 1228 conspectum
599 1191 706 1215 suum
721 1177 900 1227 prohibet
912 1177 1066 1214 adduci.
1094 1179 1182 1219 Qua

33 1249 84 1274 ex
99 1249 140 1275 re
158 1237 301 1275 Caesar
318 1244 546 1282 commotus,
566 1251 645 1283 eos,
666 1250 761 1288 quos
780 1238 817 1274 in
837 1237 1062 1275 stationibus
1090 1250 1180 1275 cum

34 1297 159 1348 longis
194 1298 353 1336 navibus
379 1299 482 1349 apud
510 1298 703 1349 Thapsum
735 1298 932 1336 custodiae
964 1312 1099 1337 caussa
1141 1300 1179 1337 in

31 1358 112 1395 salo
142 1371 226 1396 esse
248 1360 428 1408 jusserat,
465 1366 507 1396 ut
538 1359 615 1396 suis
644 1359 826 1396 onerariis
856 1359 1058 1410 longisque
1076 1361 1180 1397 navi-

29 1417 103 1454 bus
138 1417 327 1468 praesidio
363 1425 504 1464 essent,
554 1419 602 1456 ob
639 1419 913 1469 negligentiam
949 1420 1181 1469 ignominiae

33 1490 170 1516 caussa
187 1478 434 1516 dimittendos
466 1479 513 1516 ab
543 1479 731 1526 exercitu,
768 1480 1107 1531 gravissimumque
1139 1481 1179 1518 in

34 1552 99 1578 eos
119 1539 290 1578 edictum
310 1540 614 1591 proponendum,
634 1541 793 1578 curavit.

83 1601 249 1639 XLVII.
301 1601 378 1639 Per
396 1601 435 1638 id
453 1608 603 1653 tempus
617 1601 698 1639 fere
718 1602 892 1639 Caesaris
911 1601 1099 1640 exercitui
1119 1615 1179 1641 res

33 1662 175 1702 accidit
196 1662 429 1700 incredibilis
447 1662 603 1700 auditu:
631 1675 810 1713 namque,
839 1662 1082 1712 Virgiliarum
1101 1663 1178 1713 sig·

32 1735 82 1761 no
101 1721 296 1769 confecto,
325 1723 482 1761 circiter
510 1723 640 1773 vigilia
664 1723 834 1760 secunda
860 1723 1000 1769 noctis,
1025 1724 1176 1761 nimbus

33 1796 123 1822 cum
152 1796 269 1822 saxea
296 1784 482 1834 grandine
502 1783 628 1821 subito
649 1790 706 1821 est
725 1792 882 1821 exortus
910 1784 1056 1833 ingens.
1111 1785 1176 1822 Ad

29 1843 105 1882 hoc
119 1852 248 1882 autem
263 1843 546 1882 incommodum
563 1850 792 1889 accesserat,
807 1843 911 1893 quod
927 1844 1069 1881 Caesar
1083 1857 1176 1890 non,

29 1917 137 1943 more
157 1905 392 1955 superiorum
413 1905 700 1954 imperatorum,
721 1904 758 1940 in
773 1903 941 1941 hibernis
960 1904 1174 1942 exercitum

32 1964 268 2011 continebat,
297 1965 364 2003 sed
384 1965 422 2002 in
442 1965 557 2003 tertio
578 1972 791 2016 quartoque
811 1964 887 2010 die,
914 1964 1176 2014 procedendo,

31 2027 264 2078 propiusque
282 2027 432 2063 hostem
455 2025 694 2072 accedendo,
722 2033 848 2063 castra
867 2026 1174 2071 communiebat3

30 2100 226 2138 opereque
244 2087 421 2125 faciendo
440 2086 581 2124 milites
600 2100 641 2125 se
661 2086 994 2136 circumspiciendi
1014 2099 1091 2123 non
1106 2086 1174 2124 ha·

29 2148 172 2186 bebant
191 2147 428 2186 facultatem.
456 2147 662 2186 Praeterea
680 2148 734 2185 ita
748 2160 798 2184 ex
815 2147 946 2187 Sicilia
959 2147 1174 2185 exercitum

29 2215 368 2259 transportaverat,
399 2215 454 2254 ut,
480 2215 635 2258 praeter
667 2208 790 2259 ipsum
809 2207 970 2245 militem
989 2215 1028 2245 et
1055 2220 1174 2254 arma,

27 2279 154 2318 neque
173 2280 250 2313 vas,
269 2279 396 2318 neque
415 2267 661 2318 mancipium,
681 2280 807 2319 neque
828 2267 942 2305 ullam
961 2281 1056 2313 rem,
1076 2280 1175 2318 quae

28 2339 100 2365 usu
118 2327 228 2377 militi
247 2340 330 2367 esse
350 2328 563 2375 consuevit,
590 2328 629 2366 in
647 2341 763 2368 naves
781 2328 925 2380 imponi
953 2335 1174 2380 pateretur:

1458 492 1461 508 ““
1458 425 1472 471 22„
1459 278 1472 406 :22:2³1ss
1462 155 1472 268 ..uz-00..-
1457 0 1472 143 -..-‘—..—⁷J
