1472 2664
281 269 356 307 DE
385 269 563 307 BELLO
592 270 768 308 AFRIC.
796 269 972 307 LIBER.
1131 268 1202 309 185

63 372 255 424 oppidani,
283 378 401 424 usque
421 386 467 411 eo
486 373 585 424 passi
604 373 758 424 propius
777 373 976 417 accedere,
1005 372 1131 410 donec
1150 373 1199 410 ad

62 434 160 484 ipsas
190 430 317 484 portas
336 446 381 471 ac
402 447 552 470 murum
579 434 915 484 appropinquaret,
943 433 1068 471 subito
1089 446 1202 483 erup-

61 493 165 530 tione
185 494 300 538 facta,
329 502 538 544 prostratos
557 495 858 545 perterritosque
885 495 1138 544 Pompeianos
1165 494 1204 530 in

63 566 165 591 mare
184 555 323 604 passim
336 567 528 605 navesque
547 547 829 606 compulerunt,
863 555 925 592 Ita
943 567 984 592 re
1002 554 1101 591 male
1119 566 1205 604 ges-

61 621 114 659 ta,
135 615 206 651 Cn.
223 614 431 665 Pompeius
447 616 545 653 filius
565 628 679 653 naves
698 616 786 653 inde
805 616 955 661 avertit,
974 627 1099 665 neque
1118 627 1205 665 pos-

61 681 123 711 tea
141 674 247 711 littus
275 675 416 726 attigit,
439 675 675 726 classemque
694 676 743 714 ad
762 676 903 714 insulas
924 675 1104 713 Baleares
1120 685 1205 712 ver-

63 748 125 772 sus
145 736 348 772 convertit.

114 795 260 833 XXtV.
315 796 443 847 Scipio
463 797 614 834 interim
635 810 721 835 curn
741 797 784 835 iis
804 790 937 849 copiis,
957 809 1050 847 quas
1074 795 1202 846 paullo

61 864 150 894 a'nte
170 856 525 903 demonstravimus,
558 858 695 895 Uticae
720 859 855 908 grandi
879 857 1068 909 praesidio
1095 857 1205 894 relic-

59 924 114 963 to,
133 918 344 968 profectus,
363 918 526 968 primum
546 919 748 956 Adrumeti
764 926 888 956 eastra
900 919 1030 969 ponit:
1052 917 1204 963 deinde,

57 987 203 1028 paucos
222 979 304 1016 dies
322 979 374 1016 ibi
396 986 668 1025 commoratus,
687 988 805 1017 noctu
824 979 962 1016 itinere
981 979 1098 1024 facto,
1118 991 1207 1016 curn

58 1038 203 1076 Petreii
217 1050 257 1076 et
273 1039 434 1076 labieni
451 1039 569 1090 copiis
584 1052 625 1076 se
642 1040 859 1089 conjungit;
877 1047 1008 1090 atque,
1024 1039 1109 1076 unis
1124 1051 1206 1076 cas-

59 1099 127 1136 tris
147 1099 271 1146 factis,
293 1104 344 1137 111
365 1099 482 1136 millia
501 1112 680 1150 passuum
699 1101 814 1151 longe
833 1100 1050 1138 considunt.
1088 1099 1205 1150 Equi-

59 1167 162 1197 tatus
187 1160 342 1198 interim
361 1173 492 1198 eorum
514 1160 659 1198 circum
690 1161 865 1198 Caesaris
892 1160 1123 1198 munitiones
1141 1172 1205 1197 va-

58 1221 155 1270 gari,
175 1227 291 1272 atque
311 1232 388 1266 e08,
412 1221 476 1271 qui
498 1221 703 1271 pabulandi
725 1229 790 1259 aut
810 1222 975 1273 aquandi
995 1221 1118 1272 gratia
1137 1233 1205 1258 ex-

58 1289 118 1319 tra
132 1281 271 1319 vallum
289 1282 481 1333 progressi
502 1290 642 1327 essent,
671 1283 875 1333 excipere:
903 1282 956 1320 ita
982 1292 1113 1319 omnes
1139 1283 1205 1319 ad-

58 1343 241 1380 versarios
261 1342 361 1380 intra
379 1342 611 1380 munitiones
631 1343 843 1380 continere.
885 1344 971 1384 Qua
996 1355 1037 1379 re
1065 1342 1205 1380 Caesa-

59 1402 155 1440 riani
183 1403 287 1453 gravi
307 1417 459 1442 annona
486 1412 575 1441 sunt
604 1403 828 1448 conflictati,
856 1403 956 1448 ideo,
986 1402 1089 1453 quod
1109 1415 1205 1440 non·

60 1463 150 1501 dum
171 1477 295 1515 neque
315 1465 362 1502 ab
385 1464 528 1510 Sicilia,
549 1476 675 1515 neque
694 1464 741 1501 ab
763 1463 949 1509 Sardinia,
970 1472 1204 1502 commeatus

59 1531 305 1576 supportatus
319 1533 418 1570 erat3
436 1537 562 1576 neque
575 1537 645 1576 per
664 1524 752 1561 anni
771 1531 922 1574 tempus
941 1524 982 1560 in
998 1525 1092 1562 mari
1111 1524 1206 1562 clas-

60 1597 122 1623 ses
135 1587 217 1623 sine
235 1586 409 1636 periculo
423 1586 551 1636 vagari
571 1593 770 1636 poterant3
802 1598 927 1636 neque
943 1585 1104 1636 amplius
1122 1586 1206 1623 mil-

59 1647 111 1684 h‘a
129 1659 308 1697 passuum
324 1658 369 1683 vl
385 1654 509 1685 terrae
530 1647 688 1684 Africae
703 1656 990 1697 quoquoversus
1008 1647 1206 1694 tenebant,

61 1708 268 1759 pabulique
284 1708 411 1758 inopia
425 1708 707 1758 premebantur.
744 1707 831 1748 Qua
848 1707 1078 1744 necessitate
1092 1720 1206 1746 coac-

59 1769 102 1814 ti,
117 1769 286 1806 veterani
303 1769 439 1806 miiites
453 1768 692 1818 equitesque,
709 1769 774 1818 qui
788 1768 908 1804 multa
920 1773 1023 1804 terra
1035 1768 1209 1818 marique·

60 1828 160 1866 belia
176 1827 447 1873 confecissent,
467 1835 506 1864 et
526 1828 706 1878 perieulis
723 1828 926 1878 inopiaque
941 1827 1007 1865 tali
1019 1839 1132 1878 saepe
1146 1840 1206 1865 es·

61 1895 146 1926 sent
167 1888 392 1934 conflictati,
423 1888 508 1939 alga
525 1901 546 1925 c
565 1888 693 1926 littore
723 1888 897 1933 collecta,
927 1897 965 1926 et
983 1895 1086 1939 aqua
1101 1887 1211 1926 dulei

61 1949 177 1995 eluta,
210 1957 250 1987 et
268 1949 322 1987 ita
336 1950 520 2000 jumentis
539 1949 795 1986 esurientibus
815 1948 916 1994 data,
936 1949 1053 1986 vitam
1071 1960 1209 1987 eorum

60 2011 339 2062 producebant.

111 2070 236 2108 XXV.
291 2070 396 2108 D'um
425 2071 521 2109 haec
540 2071 593 2108 ita
616 2070 767 2117 fierent,
800 2084 869 2108 rex
893 2071 1010 2117 Jubzr,
1043 2072 1208 2122 cognitis

62 2131 237 2170 Caesaris
261 2131 560 2177 difficultatibus,
593 2131 866 2182 copiarumque
894 2132 1101 2183 paucitate,
1131 2142 1211 2171 non*

63 2196 126 2230 est⁴
139 2192 275 2238 visum,
304 2192 385 2230 dari
409 2193 574 2243 spatium
594 2192 900 2238 convalescendi,
927 2193 1207 2244 augendarum-

63 2259 139 2305 que
158 2254 240 2303 ejus
259 2265 387 2304 opum.
439 2252 590 2304 Itaque,
619 2253 846 2304 comparatis
867 2254 1037 2304 equitum
1060 2253 1209 2303 magnis*

65 2313 313 2364 peditumque
328 2313 462 2365 copiis,
480 2313 649 2351 subsidio
663 2315 755 2361 suis,
773 2319 951 2365 egressus
963 2327 984 2352 e
999 2326 1134 2365 regno,
1151 2313 1209 2351 ire

142 2373 177 2410 T
179 2385 251 2412 OM.
279 2373 332 2410 11.
589 2375 626 2411 A
651 2386 674 2412 a
