1472 2664
301 248 375 288 DE
404 234 580 287 ssss'L'Lo
612 248 788 288 AFRIC.
815 237 992 286 Lmen.
1145 238 1220 286 225

85 353 137 390 'eis
157 352 379 398 interfectis,
399 365 529 390 eorum
555 351 723 404 pernicie
742 351 912 389 dolorem
930 363 1038 388 suum
1057 349 1218 388 ulcisce-

87 420 230 451 rentur.
284 413 501 458 Uticenses,
527 412 654 450 animo
681 412 810 449 addito
830 425 878 449 ex
908 409 1080 449 Caesaris
1098 409 1219 447 victo-

82 474 150 519 ria,
170 473 356 524 lapidibus
380 473 618 524 fustibusque
633 472 778 523 equites
793 472 1029 525 repulerunt.
1069 470 1219 521 Itaque,

82 542 328 585 posteaquam
348 540 473 571 castra
486 546 561 571 non
582 540 785 586 potuerant
804 531 932 583 potiri,
954 531 1106 569 Uticam
1121 544 1161 568 se
1180 531 1219 568 in

83 595 262 646 oppidum
283 597 531 645 conjecerunt
547 608 555 631 ε
582 602 697 644 atque
715 593 767 630 ibi
786 593 924 630 multos
941 592 1143 630 Uticenses
1163 591 1219 628 in·-

81 655 332 700 terfecerunt‚
352 655 561 705 domosque
580 667 711 692 eorum
730 660 1047 705 expugnaverunt
1064 664 1110 690 ac
1128 651 1219 689 diri-

76 722 255 766 puerunt.v
294 715 442 757 Quibus
457 728 572 766 quum
590 715 687 752 Cato
703 709 930 765 persuadere
949 713 1052 750 nulla
1070 712 1218 750 ratione

78 775 217 825 quiret,
238 782 281 812 ut
294 787 424 812 secum
444 775 625 826 oppidum
646 775 909 820 defenderent,-
929 781 968 811 et
983 773 1101 811 caede
1120 774 1219 825 rapi-

76 836 212 888 nisque
231 835 474 882 desisterent,
493 843 546 882 et,
566 835 658 886 quid
672 835 743 873 sibi
763 835 916 880 vellent,
935 835 1065 881 sciret,
1084 835 1220 873 sedan-

75 896 147 933 dae·
166 909 299 934 eorum
318 896 616 947 importunitatis
635 895 757 946 gratia
771 895 928 946 singulis
949 888 1018 932 HS
1037 907 1060 932 c
1079 895 1218 933 divisit.

77 955 186 994 Idem
207 956 313 994 Sulla
340 956 502 994 Faustus
520 948 626 1002 fecit,
659 969 704 994 ac
723 956 771 993 de
789 968 857 993 sua
876 955 1040 1006 pecunia
1057 955 1217 1006 largitus

75 1024 158 1053 est:
188 1029 340 1067 unaque
359 1030 445 1055 cum
465 1017 509 1054 iis
528 1018 574 1055 ab
602 1008 719 1055 Utica
745 1015 1015 1067 proficiscitur,
1043 1023 1158 1067 atque
1179 1018 1218 1054 in

75 1088 234 1127 regnum
254 1077 309 1115 ire
328 1077 540 1115 contendit.

124 1138 388 1175 LXXXVIII.
442 1138 668 1189 Complures
696 1137 848 1175 interim'
876 1150 925 1175 ex
946 1138 1037 1188 fuga
1062 1138 1218 1177 Uticam

72 1198 325 1250 perveniunt:
356 1211 451 1249 quos
479 1211 612 1236 omnes
639 1198 736 1236 Cato
762 1201 1008 1245 conVocatos,
1035 1211 1110 1236 una
1129 1212 1216 1237 cum

70 1270 158 1305 ccc,
178 1259 242 1310 qui
262 1259 465 1310 pecuniam
483 1258 654 1310 Scipioni
668 1252 717 1297 ad
731 1259 873 1297 bellum
888 1258 1106 1297 faciendum
1126 1272 1217 1298 con-

68 1319 250 1366 tulerant,
278 1320 468 1366 hortatur,
497 1327 539 1357 ut
571 1319 724 1358 servitia
753 1319 1080 1367 manumitterent‚
1109 1321 1216 1372 oppi-

67 1380 236 1431 dumque
265 1380 530 1418 defenderent.
585 1381 758 1423 Quorum
778 1393 893 1430 quum
922 1387 1069 1430 partem
1087 1393 1215 1418 assen-

67 1441 155 1486 tire,
190 1449 336 1492 partem
355 1441 523 1478 animum
542 1448 788 1491 mentemque
813 1441 1068 1491 perterritam,
1099 1448 1216 1493 atque

67 1502 105 1538 in
124 1500 254 1551 fugam
275 1494 516 1547 destinatam,
532 1501 688 1547 habere,
705 1500 968 1546 intellexisset,
987 1501 1147 1552 amplius
1166 1502 1216 1540 de

69 1573 116 1599 ea
134 1574 173 1598 re
190 1575 304 1612 agere
320 1561 481 1607 destitit,
502 1574 694 1612 navesque
714 1561 757 1598 iis
778 1560 966 1607 attribuit,
987 1570 1043 1608 ut,
1062 1562 1100 1600 in
1121 1576 1214 1614 quas

67 1621 229 1672 quisque
248 1630 375 1672 partes
395 1621 523 1668 vellet,
551 1622 872 1673 proficisceretur.
916 1622 1017 1673 lpse,
1037 1624 1213 1662 omnibus

66 1681 180 1725 rebus
199 1681 490 1731 diligentissime
510 1681 740 1727 constitutis,
766 1682 895 1720 liberis
913 1683 990 1719 suis
1009 1682 1055 1721 L.
1075 1684 1215 1722 Caesa-

67 1741 111 1786 ri,
132 1742 195 1792 qui
220 1748 299 1778 tum
320 1741 354 1779 ei
375 1754 443 1792 pro
473 1750 675 1792 quaestore
694 1741 834 1787 fuerat,
862 1743 1150 1791 commendatis,
1170 1752 1211 1783 et

64 1801 147 1839 sine
175 1801 407 1852 suspicione,
433 1802 540 1839 vultu
559 1809 673 1853 atque
693 1815 882 1848 sermone,
911 1809 987 1853 quo
1016 1805 1214 1855 superiore

66 1870 241 1914 tempore
274 1875 363 1900 usus
388 1862 527 1908 fuerat,
559 1876 677 1914 quum
697 1863 903 1901 dormitum
938 1865 1042 1910 isset,
1070 1865 1212 1904 ferrum

62 1920 165 1958 intro
186 1921 284 1958 clam
304 1920 343 1956 in
364 1921 584 1959 cubiculum
604 1921 705 1968 tulit,
733 1928 850 1973 atque
869 1923 923 1960 ita
940 1936 981 1961 se
1001 1927 1211 1976 transjecit.

65 1979 142 2022 Qui
161 1980 253 2017 dum
272 1981 397 2018 anima
412 1982 582 2019 nondum
596 1982 790 2032 exspirata
804 1982 1051 2031 concidisset,
1070 1992 1124 2031 et,
1143 1986 1212 2023 im-

63 2049 157 2095 petu
175 2041 279 2079 facto
299 2042 337 2079 in
357 2042 575 2080 cubiculum
594 2055 643 2080 ex
662 2042 894 2093 suspicione,
913 2042 1212 2084 medicus'fami-

60 2101 250 2153 liaresque
270 2101 469 2140 continere
498 2109 614 2154 atque
631 2102 769 2140 vulnus
789 2103 960 2154 obligare
979 2106 1209 2157 coepissent,

59 2162 142 2212 ipse
172 2162 250 2200 suis
269 2162 442 2200 manibus
462 2163 598 2200 vulnus
627 2163 887 2202 crudelissime
906 2164 1065 2212 divellit,
1092 2175 1209 2217 atque

60 2223 187 2260 animo
206 2223 397 2273 praesenti
416 2236 456 2261 se
476 2223 684 2262 interemit.
720 2226 845 2268 Quem
865 2225 1070 2264 Uticenses
1089 2240 1208 2278 quan·v

62 2295 174 2333 quam
191 2281 352 2321 oderant
367 2284 529 2335 partium
545 2284 683 2335 gratia,
702 2293 845 2332 tamen,
864 2294 1022 2338 propter
1036 2289 1118 2337 ejus
1133 2287 1210 2325 sin-·

140 2343 248 2380 Tou.
277 2343 328 2379 ΙΙ.
605 2343 636 2381 Ε
668 2345 690 2381 f
