1472 2664
292 289 366 326 DE
395 288 572 325 BELLO
601 287 762 325 ALEX.
788 287 964 326 LIBER.
1124 291 1196 326 163

64 393 266 443 pluresque
292 391 343 429 ibi
362 391 501 429 milites
520 398 805 441 oppresserunt.
841 391 956 433 Quod
974 389 1045 426 nisi
1065 390 1197 427 celeri-

64 461 136 498 ter,
155 451 416 502 indignatione
435 459 474 489 et
493 452 634 489 auxilio
654 451 806 503 Lepidi,
826 451 1011 503 proelium
1024 458 1124 488 esset
1143 450 1199 486 di-

65 520 240 558 remtum,
260 514 381 562 major
401 512 594 550 calamitas
613 521 715 551 esset
732 520 904 564 accepta.

112 573 254 609 LXIV.
308 574 435 614 Quum
453 573 524 610 iter
540 574 670 611 Cassio
690 573 924 624 patefactum
941 579 1055 618 esset,
1075 579 1201 610 castra

64 633 272 671 Marcellus
305 646 392 670 cum
419 633 569 684 Lepido
599 633 812 684 conjungit.
863 631 1034 682 Lepidus
1066 632 1202 670 eodem

63 701 235 744 tempore
263 693 548 743 Marcellusque
577 693 810 740 Cordubam,
845 693 998 731 Cassius
1018 705 1106 730 cum
1125 692 1202 729 suis

66 754 319 805 proficiscitur
352 754 592 791 Carmonam.
659 754 738 792 Sub
757 755 857 792 idem
878 761 1027 804 tempus
1055 753 1202 791 Trebo-

63 816 148 853 nius
166 815 371 866 proconsul
389 815 438 852 ad
456 815 690 865 provinciam
706 815 951 852 obtinendam
970 814 1085 851 venit.
1139 814 1202 850 De

65 877 172 926 cujus
191 877 357 914 adventu
376 883 418 912 ut
437 877 619 926 cognovit
635 876 800 922 Cassius,
827 875 1014 925 legiones,
1034 887 1126 925 quas
1145 886 1204 911 se-

65 949 152 974 cum
182 937 381 981 habuerat,
418 936 706 987 equitatumque
735 937 774 973 in
800 936 962 973 hiberna
989 935 1203 972 distribuit:

65 997 160 1047 ipse,
181 997 355 1034 omnibus
373 996 450 1033 suis
469 997 582 1034 rebus
595 996 771 1034 celeriter
791 996 990 1046 correptis,
1012 996 1205 1033 Malacam

65 1057 288 1100 contendit;
314 1056 442 1107 ibique
474 1057 632 1093 adverso
652 1064 824 1107 tempore
855 1055 1060 1106 navigandi
1092 1068 1206 1093 naves

65 1118 303 1163 conscendit,
324 1124 367 1154 ut
382 1118 463 1168 ipse
475 1117 735 1168 praedicabat,
754 1129 803 1154 ne
822 1129 862 1154 se
876 1116 1040 1166 Lepido,
1059 1123 1099 1153 et
1111 1116 1208 1153 Tre-

62 1179 191 1226 bonio,
211 1185 251 1216 et
270 1178 471 1224 Marcello,
498 1177 774 1220 committeret;
802 1184 844 1214 ut
859 1176 971 1214 amici
990 1178 1073 1226 ejus
1093 1177 1205 1215 dicti-

68 1241 212 1285 tabant,
228 1252 276 1276 ne
296 1251 364 1290 per
378 1251 461 1276 eam
481 1238 716 1289 provinciam
735 1237 882 1274 minore
903 1250 991 1275 cum
1019 1237 1207 1288 dignitate

67 1301 139 1338 iter
153 1300 313 1345 faceret,
333 1300 441 1349 cujus
460 1311 598 1349 magna
611 1311 698 1350 pars
717 1299 764 1336 ab
784 1310 831 1335 eo
844 1297 1062 1341 defecerat;
1082 1304 1123 1335 ut
1142 1310 1206 1335 ce·

68 1361 142 1398 teri
159 1360 442 1405 existimabant,
462 1372 510 1397 ne
529 1359 694 1410 pecunia
714 1359 791 1404 illa,
820 1371 869 1396 ex
891 1359 1046 1396 infinitis
1065 1358 1206 1409 rapinis

67 1420 257 1467 confecta,
277 1420 315 1457 in
334 1427 565 1471 potestatem
584 1422 808 1470 cujusquam
827 1420 986 1457 veniret.
1023 1419 1208 1469 Progres-

69 1493 131 1518 sus
150 1480 335 1527 secunda,
353 1488 396 1518 ut
410 1480 583 1526 hiberna,
603 1487 845 1531 tempestate,
865 1493 981 1530 quum
996 1479 1033 1516 in
1053 1479 1210 1516 Iberum

70 1540 213 1578 flumen
241 1541 366 1578 noctis
395 1539 572 1577 vitandae
606 1552 739 1578 caussa
769 1552 809 1577 se
843 1539 1082 1584 contulisset,
1121 1539 1211 1577 inde

68 1600 195 1652 paullo
213 1600 500 1638 vehementiore
520 1607 748 1651 tempestate
766 1600 885 1637 nihilo
903 1600 1154 1651 periculosius
1168 1612 1211 1637 se

68 1661 336 1712 navigaturum
351 1661 525 1705 credens,
544 1660 754 1711 profectus,
773 1661 941 1698 adversis
953 1661 1133 1698 fluctibus
1146 1673 1210 1698 oc-

72 1722 313 1760 currentibus
329 1722 426 1760 ostio
445 1721 626 1767 fluminis,
646 1721 684 1758 in
699 1721 789 1772 ipsis
803 1721 990 1767 faucibus,
1010 1735 1126 1771 quum
1144 1734 1212 1759 ne-

69 1794 142 1832 que
162 1782 318 1820 flectere
337 1782 463 1820 navim
481 1788 637 1833 propter
650 1782 727 1818 vim
739 1782 918 1828 fluminis,
938 1794 1063 1832 neque
1083 1782 1208 1819 direc-

71 1850 148 1880 tam
167 1843 282 1881 tantis
301 1843 481 1880 fluctibus
501 1851 632 1881 tenere
651 1850 795 1894 posset,
828 1843 1002 1880 demersa
1020 1843 1120 1889 navi,
1141 1855 1208 1894 pe-

71 1911 146 1941 rut.

122 1963 244 2002 LXV.
297 1966 424 2008 Quum
446 1965 484 2002 in
511 1964 661 2015 Syriam
688 1965 829 2003 Caesar
859 1977 909 2002 ex
938 1965 1120 2015 Aegypto
1148 1977 1213 2001 ve·

73 2024 205 2070 nisset,
232 2032 347 2076 atque
365 2026 412 2063 ab
428 2025 486 2071 iis,
506 2025 570 2076 qui
591 2025 714 2062 Roma
732 2033 916 2063 venerant
933 2025 982 2062 ad
999 2038 1101 2071 eum,
1121 2038 1213 2075 cog-

75 2092 264 2131 nosceret,
302 2086 496 2137 literisque
528 2087 680 2124 urbanis
721 2087 1054 2132 animadverteret,
1094 2086 1215 2125 multa

78 2145 223 2184 Romae
241 2146 339 2184 male
371 2154 410 2184 et
429 2147 614 2185 inutiliter
643 2147 910 2193 administrari,
942 2160 1067 2198 neque
1099 2148 1214 2185 ullam

74 2214 220 2257 partem
239 2207 472 2257 reipublicae
485 2208 575 2245 satis
591 2207 792 2244 commode
812 2208 918 2258 geri:
939 2208 1042 2258 quod
1061 2214 1100 2244 et
1120 2220 1214 2245 con-

76 2267 310 2306 tentionibus
341 2268 546 2306 tribunitiis
577 2267 815 2318 perniciosae
845 2268 1050 2306 seditiones
1070 2267 1214 2305 oriren-

78 2333 154 2374 tur,
172 2336 212 2367 et
231 2329 436 2368 ambitione
454 2336 570 2380 atque
597 2328 836 2379 indulgentia
853 2329 1090 2367 tribunorum
1117 2327 1213 2365 mili-
