1472 2664
226 282 299 320 123
660 283 710 320 A.
748 282 926 320 HIRTII

221 398 357 422 norum
386 385 745 431 machinationibus,
773 386 1023 435 maximisque
1043 384 1256 428 conatibus,
1280 396 1356 420 non

222 446 326 497 longi
346 447 526 497 temporis
546 447 675 485 labore
693 459 895 484 occursum
915 453 983 483 est.
1039 445 1097 481 Eo
1124 444 1240 481 biduo
1260 444 1361 493 legio

223 519 371 544 xxxvit
391 521 441 545 ex
469 507 652 544 dedititiis
672 507 914 557 Pompeianis
944 506 1138 550 militibus,
1169 517 1255 541 cum
1283 503 1360 540 fru-

221 576 366 614 mento,
399 569 525 613 armis,
555 566 653 613 telis,
685 568 897 613 tormentis,
925 567 1101 617 imposita
1130 566 1166 602 in
1196 577 1310 602 naves
1339 576 1361 601 a

222 628 396 667 Domitio
416 629 589 675 Calvino,
610 629 656 666 ad
675 629 805 666 littora
825 628 995 674 Africae,
1024 627 1151 677 paullo
1171 637 1285 675 supra
1306 625 1361 661 A·

222 689 474 736 3exandriam,
494 690 621 727 delata
639 697 710 727 est.
755 689 842 726 Hae
861 700 976 726 naves
998 687 1115 732 Euro,
1139 687 1202 737 qui
1223 685 1362 723 multos

221 750 302 788 dies
318 750 562 788 continenter
574 751 703 795 flabat,
719 758 874 800 portum
889 762 1026 800 capere
1042 747 1360 799 prohibebantur:

222 811 290 848 sed
322 811 407 848 loca
435 819 522 849 sunt
554 811 710 861 egregia
730 811 832 848 omni
852 810 915 848 illa
934 809 1090 859 regione
1110 809 1158 845 ad
1177 807 1362 845 tenendas

219 871 418 909 anchoras.
473 872 542 916 Hi,
572 885 689 922 quum
709 872 773 909 diu
802 871 1072 914 retinerentur,
1105 876 1220 918 atque
1239 880 1361 917 aquae

220 932 351 983 inopia
379 941 657 983 premerentur,
690 932 842 981 navigio
873 931 1044 968 actuario
1075 930 1279 967 Caesarem
1307 928 1361 965 fa-

222 993 329 1030 ciunt
349 994 565 1031 certiorem.

273 1054 321 1091 X.
376 1055 531 1101 Caesar,
557 1062 600 1092 ut
619 1068 746 1106 perse
772 1055 971 1092 consilium
999 1060 1167 1103 caperet,
1195 1051 1287 1102 quid
1305 1050 1360 1089 fa-

221 1115 402 1153 ciendum
420 1116 629 1161 videretur,
648 1116 773 1153 navim
794 1115 1032 1160 conscendit,
1065 1122 1179 1163 atquc
1207 1126 1365 1150 ornnem-

220 1177 380 1214 classem
400 1189 439 1214 se
459 1177 566 1227 sequi
592 1177 718 1225 jussit,
751 1177 863 1213 nullis
882 1177 1019 1213 nostris
1038 1174 1219 1211 militibus
1241 1175 1360 1224 impo-

219 1237 454 1287 sitisiquod,
475 1251 591 1288 quum
611 1237 762 1287 longius
780 1237 908 1287 paullo
930 1236 1160 1281 discederet,
1179 1234 1358 1271 munitio-

218 1311 287 1336 nes
307 1299 451 1336 nudare
477 1298 642 1335 nolebat.
687 1299 892 1348 Quumque
911 1297 959 1334 ad
978 1309 1066 1334 eum
1085 1296 1212 1333 locum
1231 1308 1360 1333 acces-

219 1359 343 1405 sisset,
364 1359 428 1410 qui
447 1359 662 1410 appellatur
678 1358 952 1403 Chersonesus,
972 1357 1214 1409 aquandique
1229 1369 1362 1394 caussa

219 1420 383 1469 remiges
403 1420 442 1456 in
461 1426 602 1457 terram
622 1419 876 1470 exposuisset,
896 1418 1069 1456 nonnulli
1093 1430 1142 1455 ex
1164 1431 1210 1456 eo
1229 1431 1362 1456 nume-

219 1493 276 1525 ιτ),
297 1494 413 1531 quum
440 1480 593 1531 longius
611 1493 633 1518 a
653 1479 810 1517 navibus
830 1479 1052 1530 praedatum
1070 1478 1362 1529 processissent,

218 1539 266 1576 ab
286 1540 478 1590 equitibus
508 1540 674 1578 hostium
704 1547 792 1577 sunt
819 1540 999 1590 excepti:
1028 1552 1075 1576 ex
1098 1539 1141 1576 iis
1170 1551 1362 1589 cognove-

218 1607 321 1646 runt,
343 1601 545 1638 Caesarem
566 1601 689 1650 ipsum
707 1601 744 1637 in
761 1600 880 1638 classe
898 1601 1062 1645 venisse,
1082 1612 1154 1637 nec
1173 1599 1270 1636 ullos
1291 1599 1361 1636 mi-

218 1661 303 1698 lites
323 1661 360 1698 in
379 1662 538 1699 navibus
561 1661 716 1699 habere.
770 1664 857 1704 Qua
874 1674 916 1699 re
945 1667 1155 1712 comperta,
1183 1673 1361 1711 magnam

218 1721 288 1759 sibi
309 1721 529 1760 facultatem
551 1722 743 1760 fortunam
764 1722 947 1760 obtulisse
966 1723 1065 1759 bene
1084 1722 1276 1772 gerendae
1305 1721 1360 1758 rei

217 1782 478 1821 crediderunt.
531 1783 668 1834 Itaque
688 1796 802 1821 naves
828 1796 973 1829 omnes,
1001 1795 1094 1833 quas
1113 1789 1263 1832 paratas
1292 1782 1360 1819 ha-

217 1843 381 1880 buerant
413 1843 461 1880 ad
487 1844 759 1893 navigandum,
792 1843 1140 1894 'propugnatoribus
1170 1843 1361 1880 instruxe-

218 1910 321 1949 runt,
351 1904 582 1955 Caesarique
603 1904 779 1942 redeunti
813 1918 898 1942 cum
931 1904 1049 1942 classe
1082 1911 1359 1941 occurrerunt:

217 1964 282 2014 qui
301 1964 449 2002 duabus
477 1965 525 2002 de
546 1966 687 2003 caussis
705 1966 833 2017 eo-‹lie
859 1965 1042 2002 dimicare
1061 1964 1230 2009 nolebat,
1258 1964 1362 2014 quod

217 2032 256 2062 et
276 2025 399 2062 nullos
418 2026 556 2064 milites
578 2026 615 2063 in
634 2026 792 2063 navibus
812 2026 990 2072 habebat,
1011 2032 1049 2063 et
1067 2032 1154 2076 post
1181 2025 1314 2063 horam
1335 2037 1362 2062 x

219 2086 294 2123 diei
315 2099 374 2123 res
393 2088 604 2136 agebatur3
631 2100 710 2125 nox
729 2096 856 2125 autem
877 2087 1038 2124 allatura
1063 2087 1264 2123 videbatur
1281 2099 1361 2124 ma-

213 2148 337 2196 jorem
357 2147 536 2185 fiduciam
556 2147 642 2193 illis,
663 2149 726 2198 qui
746 2148 918 2186 locorum
934 2147 1070 2185 notitia
1089 2147 1360 2185 confidebantt

220 2207 292 2245 sibi
325 2208 439 2246 etiam
459 2208 637 2246 hortandi
667 2221 754 2246 suos
775 2209 958 2246 auxilium
979 2208 1200 2246 defuturum
1218 2225 1226 2250 ;
1255 2208 1359 2259 quod

218 2268 322 2306 nulla
340 2268 429 2306 satis
449 2269 587 2306 idonea
606 2277 706 2307 esset
723 2270 902 2316 hortatio,
922 2282 1019 2320 quae
1034 2282 1158 2320 neque
1177 2269 1357 2307 virtutem

217 2336 347 2379 posset
366 2336 514 2375 notare,
534 2343 658 2380 neque
680 2330 867 2368 inertiam.
905 2331 1053 2374 Quibus
1069 2331 1117 2368 de
1134 2331 1273 2369 caussis
1293 2343 1358 2369 na«
