1472 2664
268 261 343 297 224
702 260 751 296 A.
791 260 967 297 HIRTII

264 368 432 399 structos
459 360 679 398 constituit:
708 361 747 398 id
766 362 840 400 hoc
868 363 1039 408 consilio,
1068 362 1098 399 si
1128 369 1254 413 posset
1273 360 1398 413 Virgi-

263 421 349 467 lius,
382 422 523 472 quique
553 434 639 458 cum
671 435 716 459 eo
745 423 1028 468 obsidebantur,
1060 423 1114 459 rei
1144 423 1240 459 male
1267 431 1399 473 gestae

264 495 418 519 suorum
434 481 574 518 indicio
592 494 613 518 a
633 481 842 531 pertinacia
860 482 1010 520 deduci.
1048 482 1200 519 Deinde
1219 483 1299 532 ipse
1315 482 1400 518 Vir-

264 542 396 592 gilium
423 541 640 592 appellavit,
669 542 916 592 invitavitque
934 543 982 579 ad
1002 542 1248 587 deditionem,
1276 556 1399 580 suam-

265 616 340 652 que
368 603 564 639 lenitatem
584 610 622 640 et
647 602 888 640 clementiam
914 603 1247 640 commemoravit:
1288 616 1401 653 quem

264 671 464 713 postquam
497 663 762 700 animadvertit
788 676 1009 713 responsum
1029 663 1099 700 sibi
1126 676 1201 700 non
1222 664 1326 709 dare,
1353 664 1401 700 ab

268 723 410 773 oppido
433 723 602 760 recessit.
656 723 815 760 Postero
839 724 915 769 die,
948 724 1073 760 divina
1093 736 1133 760 re
1159 723 1275 768 facta,
1306 736 1399 760 con-

265 784 376 820 cione
390 782 588 828 advocata,
604 782 641 819 in
657 791 866 833 conspectu
881 784 1154 834 oppidanorum
1171 784 1308 821 milites
1323 785 1402 821 col-

264 843 411 886 laudat;
430 850 628 894 totumque
643 844 855 881 exercitum
867 852 1088 881 veteranum
1105 845 1275 888 donavit;
1294 859 1403 895 prae-

266 904 342 940 mia
358 902 564 940 fortissimo
584 903 737 954 cuique,
756 916 801 940 ac
820 904 918 941 bene
937 905 1111 950 merenti,
1130 918 1199 954 pro
1218 914 1403 955 suggestu

266 963 418 1001 tribuit:
446 976 505 1009 ac,
533 963 659 1000 statim
682 964 768 1001 inde
789 964 993 1014 digressus,
1021 965 1158 1002 Rebilo
1177 967 1404 1015 proconsule

268 1036 354 1060 cum
376 1034 426 1059 111
447 1023 495 1060 ad
515 1023 707 1073 Thapsum
727 1023 956 1073 legionibus,
976 1031 1015 1060 et
1035 1025 1105 1062 Cn.
1125 1025 1296 1062 Domitio
1316 1039 1404 1064 cum

266 1096 299 1120 11
316 1083 488 1128 Tisdrae‚
507 1083 572 1120 ubi
589 1083 792 1120 Considius
810 1091 999 1133 praeerat,
1017 1084 1066 1121 ad
1081 1085 1329 1122 obsidendum
1344 1099 1403 1123 re-

267 1144 379 1188 lictis,
400 1143 458 1181 M.
479 1143 661 1181 Messalla
681 1143 834 1181 Uticam
853 1151 941 1180 ante
966 1144 1172 1194 praemisso
1192 1158 1278 1182 cum
1298 1146 1404 1196 equi-

268 1212 364 1250 tatu,
385 1204 463 1254 ipse
483 1204 618 1241 eodem
638 1204 711 1240 iter
727 1203 854 1240 facere
875 1204 1083 1241 contendit.

318 1263 561 1301 LXXXVII.
594 1263 752 1314 Equites
768 1263 917 1300 interim
936 1264 1136 1315 Scipionis,
1155 1266 1219 1316 qui
1232 1279 1280 1304 ex
1294 1280 1404 1317 proe-

265 1326 317 1363 lio
336 1325 527 1375 fugerant,
556 1337 672 1374 quum
694 1324 847 1361 Uticam
866 1337 994 1362 versus
1013 1325 1085 1362 iter
1103 1326 1287 1373 facerent,
1319 1341 1403 1378 per-

267 1385 424 1423 veniunt
442 1385 490 1421 ad
510 1384 690 1434 oppidum
718 1383 899 1422 Paradae.
954 1385 1044 1431 Ubi,
1073 1399 1188 1437 quum
1203 1388 1250 1424 ab
1270 1387 1404 1425 incolis

267 1459 344 1483 non
363 1445 638 1496 reciperentur,
669 1445 755 1481 ideo
774 1446 875 1495 quod
894 1445 995 1483 fama
1012 1447 1060 1484 de
1079 1447 1239 1485 victoria
1267 1449 1406 1486 Caesa-

266 1507 318 1543 ris
348 1506 695 1555 praecucurrisset;
723 1505 758 1541 vi
787 1506 927 1555 oppido
955 1506 1080 1556 potiti,
1108 1507 1145 1543 in
1174 1508 1299 1546 medio
1321 1508 1406 1546 foro

268 1568 379 1616 lignis
399 1566 645 1611 coacervatis,
674 1565 925 1616 omnibusque
952 1567 1064 1604 rebus
1084 1580 1214 1604 eorum
1245 1582 1405 1619 conges-

267 1628 328 1674 tis,
348 1628 474 1677 ignem
493 1626 714 1675 subjiciunt,
733 1633 848 1676 atquc
868 1628 950 1676 ejus
970 1627 1099 1677 oppidi
1115 1628 1258 1666 incolas
1277 1632 1404 1679 cujus-

268 1701 340 1738 que
355 1687 505 1738 generis
524 1687 748 1736 aetatisque,
769 1686 886 1731 vivos,
906 1687 1222 1737 constrictosque,
1243 1689 1279 1726 in
1299 1689 1405 1726 flam-

267 1762 365 1786 mam
387 1747 610 1797 conjiciunt,
639 1754 753 1796 atque
772 1747 823 1784 ita
852 1740 1096 1784 acerbissimo
1121 1747 1291 1785 afficiunt
1315 1762 1405 1801 sup-

267 1809 381 1860 plicio
398 1822 406 1845 :
432 1807 569 1845 deinde
584 1808 757 1857 protinus
774 1808 925 1845 Uticam
946 1808 1183 1857 perveniunt.
1227 1809 1406 1860 Superio-

269 1884 309 1908 re
329 1878 499 1919 tempore
517 1867 571 1904 M.
592 1868 703 1912 Cato,
725 1868 827 1917 quod
848 1867 1094 1905 Uticensibus
1115 1877 1271 1919 propter
1289 1871 1406 1908 bene-

267 1931 394 1967 ficium
415 1929 509 1978 legis
522 1928 648 1965 Juliae
667 1941 802 1978 parum
818 1928 856 1964 in
872 1928 948 1965 suis
963 1929 1133 1978 partibus
1153 1929 1329 1979 praesidii
1348 1943 1407 1968 es-

267 2005 307 2029 se
325 1990 620 2034 existimaverat,
639 1989 788 2038 plebem
805 1989 987 2026 inermem
1008 1989 1147 2039 oppido
1166 1991 1347 2038 ejecerat,
1368 2000 1407 2029 et

267 2059 355 2089 ante
375 2058 521 2100 portam
551 2050 732 2087 Bellicam
754 2050 887 2087 castris
912 2049 1102 2100 fossaque,
1129 2051 1285 2100 parvula
1312 2051 1407 2088 dun-

267 2119 387 2155 taxat,
406 2110 609 2154 munierat,
638 2110 764 2159 ibique
784 2109 966 2147 custodiis
987 2110 1230 2148 circumdatis
1258 2110 1406 2148 habita-

266 2185 307 2209 re
328 2173 532 2220 co'e'gerat;
560 2177 731 2206 senatum
751 2177 878 2207 autem
898 2170 1027 2220 oppidi
1048 2171 1219 2208 custodia
1238 2172 1407 2208 tenebat.

268 2232 411 2269 Eorum
441 2239 566 2268 castra
587 2230 610 2266 ii
631 2230 778 2280 equites
797 2230 920 2267 adorti
941 2243 1163 2281 expugnare
1184 2239 1407 2281 coeperunt,

268 2292 355 2329 ideo
374 2291 476 2342 qnod
494 2303 560 2328 eos
578 2291 748 2341 partibus
777 2291 950 2329 Caesaris
977 2291 1113 2330 favisse
1133 2291 1318 2337 sciebant,
1351 2299 1414 2338 ut,-
