1472 2664
478 236 644 274 LIBER
695 235 749 274 11.
1118 238 1172 276 47

44 349 216 393 apertum
243 340 369 392 gladio
388 340 545 390 appetit,
565 339 811 389 paullumque
829 338 964 384 abfuit,
985 338 1074 389 quin
1096 338 1173 375 Va-

43 416 127 440 rum
155 401 410 439 interficeret:
438 399 539 450 quod
559 399 620 436 ille
640 399 866 450 periculum,
899 399 1048 436 sublato
1067 399 1116 436 ad
1135 411 1175 435 e-

39 463 103 512 jus
123 469 298 500 conatum
314 469 436 506 scuto,
454 460 598 497 vitavit.
652 459 803 505 Fabius,
832 472 852 496 a
873 459 1057 510 proximis
1076 459 1173 495 mili-

44 523 145 561 tibus
181 522 473 566 circumventus,
514 519 753 557 interficitur.
828 519 917 557 Hac
946 519 1175 570 fugientium

45 581 284 620 multitudine
314 594 358 619 ac
390 581 502 618 turba
529 587 662 631 portae
682 586 894 618 castrorum
923 586 1176 630 occupantur,

43 650 158 692 atque
175 643 248 679 iter
265 641 492 692 impeditur;
532 641 735 692 pluresque
755 641 793 677 in
812 653 857 678 eo
875 640 962 678 loco
981 640 1062 678 sine
1094 639 1176 676 vul-

46 715 151 747 nere,
188 715 301 753 quam
335 703 373 738 in
399 701 545 753 proelio
575 708 640 738 aut
664 699 770 750 fuga,
807 700 1013 745 intereunt,
1050 712 1176 750 neque

45 763 205 800 multum
223 762 357 807 abfuit,
385 761 476 812 quin
506 762 618 799 etiam
651 761 784 798 castris
803 761 1111 811 expellerentur:
1130 773 1177 797 ac

46 823 216 860 nonnulli
230 823 404 873 protinus
423 823 557 860 eodem
578 835 690 859 cursu
709 821 746 858 in
767 822 949 872 oppidum
970 821 1178 859 contende-

45 890 146 920 runt.
194 883 284 928 Sed,
304 896 421 933 quum
439 883 514 921 loci
526 890 661 920 natura
676 890 715 919 et
733 882 893 919 munitio
914 889 1123 919 castrorum
1139 893 1179 918 a·

48 943 168 980 ditum
186 943 428 994 prohibebat,
458 950 553 988 tum,
581 943 697 993 quod,
725 943 773 980 ad
801 942 989 992 proelium
1020 942 1178 992 egressi,

50 1003 227 1041 Curionis
245 1003 382 1041 milites
401 1004 445 1040 iis
464 1003 578 1041 rebus
596 1003 832 1053 indigebant,
851 1015 948 1053 quae
967 1002 1015 1039 ad
1033 1015 1181 1053 oppug-

50 1064 242 1102 nationem
263 1071 469 1101 castrorum
489 1070 598 1101 erant
618 1063 714 1100 usui.
769 1063 903 1113 Itaque
923 1062 1039 1100 Curio
1067 1074 1180 1099 exer·

48 1125 166 1161 citum
187 1124 224 1161 in
244 1131 367 1161 castra
382 1123 542 1169 reducit,
561 1123 638 1160 suis
657 1123 832 1160 omnibus
852 1130 1002 1174 praeter
1022 1123 1181 1161 Fabium

47 1185 314 1230 incolum-ihm,
329 1197 378 1222 ex
391 1197 552 1222 numero
567 1184 868 1222 adversariorum
884 1184 1038 1222 circiter
1056 1195 1108 1220 Dc
1124 1184 1181 1221 in-

48 1244 234 1290 terfectis,
262 1256 308 1282 ac
324 1256 356 1281 M
375 1244 603 1282 vulneratis:
624 1244 686 1294 qui
707 1257 837 1281 omnes
855 1244 1027 1282 discessu
1046 1244 1182 1282 Curio-

46 1303 119 1349 nis,
137 1304 322 1354 multique
341 1312 553 1354 praeterea,
581 1317 652 1354 per
669 1303 947 1341 simulationem
966 1303 1181 1350 vulnerum,

47 1377 97 1401 ex
127 1364 259 1402 castris
291 1364 329 1401 in
358 1364 536 1415 oppidum
556 1372 713 1415 propter
740 1364 915 1401 timorem
934 1377 1016 1401 sese
1045 1364 1182 1414 recipi·

45 1431 127 1462 unt.
181 1426 265 1466 Qua
283 1438 323 1463 re
343 1425 614 1470 animadversa,
643 1425 780 1470 Varus,
808 1432 848 1461 et
866 1432 1013 1463 terrore
1032 1424 1182 1462 exerci-

48 1492 111 1522 tus
128 1484 298 1535 cognito,
325 1485 572 1522 buccinatore
601 1484 638 1521 in
658 1485 792 1522 castris
820 1491 858 1521 et
878 1485 1010 1534 paucis
1029 1485 1077 1521 ad
1092 1498 1184 1535 spe-

48 1545 145 1583 ciem
173 1546 427 1583 tabernaculis
460 1546 617 1591 relictis,
655 1546 702 1582 de
731 1545 845 1582 tertia
873 1545 1001 1596 vigilia
1032 1546 1183 1584 silentio

48 1605 262 1643 exercitu-m
283 1606 319 1643 in
352 1605 533 1656 oppidum
554 1606 716 1643 reducit.

99 1665 282 1703 XXXVI.
335 1666 496 1704 Postero
515 1666 577 1704 die
605 1666 724 1704 Curio
755 1666 910 1704 Uticam
938 1666 1113 1705 obsidere
1144 1675 1184 1705 et

48 1725 146 1764 valiso
176 1725 469 1763 circummunire
501 1726 676 1763 instituit.
731 1726 824 1764 Erat
855 1727 894 1764 in
920 1728 1062 1777 oppido
1088 1728 1186 1765 mul·

48 1786 173 1824 titudo»
192 1786 356 1823 insolens
367 1786 459 1823 belli
473 1787 724 1824 diuturnitate
744 1787 811 1824 otii
827 1801 837 1824 ε
892 1788 1095 1826 Uticenses
1114 1802 1185 1839 pro

47 1847 272 1897 quibusdam
305 1847 479 1884 Caesaris
510 1847 548 1884 in
566 1859 607 1884 se
638 1848 835 1886 beneficiis
867 1848 921 1885 illi
952 1849 1186 1888 amicissdmi:

46 1913 260 1944 conventus
278 1907 323 1953 is,
351 1908 416 1957 qui
433 1920 483 1944 ex
501 1907 615 1944 variis
643 1909 848 1958 generibus
867 1915 1082 1946 constaret:
1110 1918 1186 1948 ter·

47 1978 180 2013 rmrex
199 1967 456 2018 superioribus
473 1967 627 2018 proeliis
646 1981 819 2018 magnus.
872 1969 1010 2019 Itaque
1042 1970 1090 2007 de
1120 1971 1187 2009 de·-

36 2027 193 2066 datione
208 2040 340 2066 omnes
350 2028 474 2078 palam
493 2028 759 2078 loquebantur,
788 2037 827 2067 et
844 2042 932 2067 cum
952 2029 995 2066 Ρ.
1016 2031 1127 2068 Attio
1145 2045 1186 2070 a-

47 2088 206 2138 gebant,
222 2100 273 2124 ne
292 2099 360 2125 sua
376 2088 589 2138 pertinacia
604 2089 772 2126 omnium
787 2089 960 2127 fortunas
972 2092 1189 2141 perturbari

51 2147 176 2185 velle-t.
230 2147 342 2185 Haec
361 2159 477 2198 quum
495 2156 715 2199 agerentur,
746 2150 890 2195 nuncii,
918 2151 1116 2200 praemissi
1135 2152 1188 2189 ab

47 2218 144 2257 vege
156 2207 273 2253 Juba,
287 2215 489 2255 venerunt,
510 2209 573 2259 qui
593 2209 697 2247 illum
718 2223 804 2248 cum
818 2210 968 2260 magnis
984 2211 1103 2261 copiis
1120 2211 1188 2249 ad-

47 2276 135 2311 esse
147 2265 334 2313 diamant,
354 2274 393 2304 et
410 2267 460 2306 de
475 2268 655 2307 custodia
667 2281 717 2308 ac
733 2269 959 2312 defensione
979 2270 1083 2309 urbis
1096 2271 1190 2308 hor·
