1472 2664
264 273 339 311 DE
367 272 544 311 BELLO
574 273 750 311 AFRIC.
777 273 954 312 LIBER.
1116 276 1191 315 207

56 377 158 427 quod
176 382 258 414 erat
275 375 383 414 locus
402 376 555 426 quidam
571 375 844 427 pei-impeditus
862 383 950 413 ante
969 375 1090 413 aciem
1111 375 1193 413 Sci-

54 436 190 488 pionis,
213 448 326 486 quem
345 437 422 474 suis
440 437 714 487 impedimento
733 437 782 474 ad
797 436 896 474 ultro
911 437 1191 474 occurrendum

55 497 137 534 sore
157 497 412 534 existimabat.

105 556 212 594 LIX.
258 557 347 594 Non
367 557 529 595 arbitror
545 570 628 595 esse
647 556 1041 608 praetermittendum,
1060 569 1192 606 quem—

53 618 257 655 admodum
270 617 464 656 exercitus
478 618 674 668 utriusque
687 617 829 655 fuerint
841 617 880 654 in
891 617 1013 654 aciem
1028 617 1194 654 instruc-

53 677 94 715 ti.
149 677 278 728 Scipio
296 678 371 716 hoc
398 678 512 715 modo
542 678 663 715 aciem
683 678 834 715 direxit.
898 677 1125 715 Collocabat
1151 677 1189 714 in

51 737 178 776 fronte
196 751 281 776 suas
297 745 336 775 et
349 738 474 776 Jubae
493 739 687 788 legiones;
714 745 847 789 postea
865 746 991 776 autem
1009 737 1194 775 Numidas

51 798 90 835 in
112 798 337 836 subsidiaria
355 799 452 844 acie,
472 799 523 836 ita
539 806 780 844 extenuatos,
800 805 840 836 et
858 799 896 836 in
917 798 1195 848 longitudinem

53 858 233 904 directos,
254 866 296 896 ut
315 859 449 909 procul
468 859 629 910 simplex
649 871 730 896 esse
749 859 850 896 acies
865 858 990 896 media
1008 859 1055 895 ab
1075 858 1194 908 legio-

51 919 167 956 nariis
186 919 368 957 militibus
391 919 605 964 videretur;
637 920 674 957 in
695 920 874 957 cornibus
893 927 1020 957 autem
1048 919 1192 969 duplex

53 991 136 1017 esse
170 979 470 1017 existimabatur.
524 979 760 1030 Elephantos
791 980 929 1017 dextro
963 980 1193 1030 sinistroque

55 1053 175 1078 cornu
195 1039 460 1087 collocaverat,
480 1041 699 1090 aequalibus
718 1041 817 1078 inter
831 1053 896 1077 eos
911 1040 1117 1077 intervallis
1136 1041 1195 1077 in-

53 1101 222 1151 terjectis
239 1115 248 1139 :
275 1108 362 1151 post
381 1108 509 1138 autem
525 1101 748 1151 elephantos
763 1108 972 1138 armaturas
989 1101 1092 1137 leves
1111 1100 1196 1137 Nu-

53 1161 250 1212 midasque
277 1161 525 1198 substituerat
552 1161 766 1199 auxiliares.
820 1160 1044 1211 Equitatum
1070 1160 1195 1198 stena-

52 1228 134 1258 tum
162 1221 379 1258 universum
407 1221 446 1258 in
465 1234 533 1259 suo
554 1221 691 1258 dextro
711 1235 831 1259 cornu
849 1221 1113 1272 d-isposuerat;
1144 1221 1194 1259 si-

53 1282 214 1320 nistrum
229 1281 329 1318 enim
350 1293 471 1319 cornu
490 1281 631 1333 oppido
654 1282 768 1319 Uzita
786 1282 1049 1329 claudebatur,
1067 1294 1197 1333 neque

58 1349 140 1381 erat
159 1342 323 1393 spatium
341 1342 533 1392 equitatus
552 1342 781 1392 explicandi.
834 1343 1041 1381 Praeterea
1061 1343 1196 1380 Numi·-

56 1404 138 1449 das,
165 1403 337 1453 levisque
360 1409 577 1440 armaturae
603 1402 787 1440 infin-itam
819 1403 1115 1450 multitudinem,
1146 1404 1196 1442 ad

52 1463 229 1501 dextram
248 1469 394 1513 partem
413 1474 502 1499 suae
518 1461 614 1499 aciei
634 1469 878 1512 opposuerat,
897 1461 977 1499 fere
993 1462 1196 1512 interjecto

51 1536 129 1561 non
145 1523 270 1560 minus
284 1533 315 1559 M
328 1533 507 1572 passuum
521 1522 659 1572 spatio,
678 1530 718 1559 et
731 1523 780 1560 ad
793 1522 899 1560 collis
915 1522 1060 1560 radices
1072 1523 1196 1573 magis

55 1584 268 1634 appulerat,
288 1583 514 1634 longiusque
530 1583 578 1620 ab
593 1583 891 1620 adversariorum
908 1583 1058 1633 suisque
1076 1583 1196 1633 copiis

53 1651 314 1694 promoverat:
334 1644 373 1681 id
384 1643 458 1681 hoc
472 1643 643 1689 consilio,
660 1650 714 1689 ut,
728 1657 842 1694 quum
864 1644 965 1681 acies
981 1644 1077 1681 duae
1098 1643 1200 1681 inter

54 1716 95 1741 se
115 1704 449 1743 concucurrissent
468 1704 576 1741 initio
595 1704 825 1750 certaminis,
845 1705 972 1754 paullo
992 1704 1142 1753 lonqus
1156 1716 1198 1741 e-

50 1766 115 1815 jus
147 1765 340 1815 equitatus
372 1764 651 1802 circumvectus
684 1775 733 1802 ex
763 1764 966 1815 improviso
999 1763 1196 1802 clauderet

52 1825 298 1863 multitudine
325 1839 395 1864 sua
413 1826 628 1863 exercitum
648 1825 835 1871 Caesaris,
865 1832 978 1876 atque
997 1825 1198 1874 perturba-

53 1894 135 1924 tum
161 1886 301 1936 jaculis
320 1886 543 1937 configeret.
597 1887 708 1924 Haec
733 1886 806 1924 suit
824 1886 920 1924 ratio
942 1886 1130 1936 Scipionis
1146 1898 1197 1923 eo

55 1947 116 1984 die
131 1946 355 1998 proeliandi.
1019 1951 1031 1962 ’

107 2007 194 2045 Lx.
246 2008 422 2046 Caesaris
441 2015 570 2045 autem
590 2007 691 2046 acies
718 2007 792 2045 hoc
811 2007 926 2045 modo
941 2007 1014 2044 fuit
1034 2007 1199 2045 colloca-

55 2075 117 2112 ta:
151 2076 194 2106 ut
217 2069 264 2106 ab
291 2069 441 2106 sinistro
467 2070 549 2118 ejus
575 2081 695 2106 cornu
718 2069 857 2114 ordiar,
887 2075 926 2105 et
951 2068 999 2106 ad
1020 2069 1199 2106 dextrum

56 2129 287 2180 perveniam.
342 2128 490 2166 Habuit
516 2129 555 2165 in
586 2129 738 2167 sinistro
771 2142 890 2167 cornu
918 2129 1108 2180 legionem
1141 2139 1198 2175 ix,

58 2200 166 2233 vn1;
194 2190 233 2227 in
249 2190 390 2227 dextro
411 2201 530 2226 cornu
547 2198 644 2236 xxx,
671 2201 814 2234 xx11x;
840 2203 938 2235 xm,
965 2202 1056 2236 x1v,
1084 2201 1198 2235 xx1x,

56 2257 157 2287 XXVI
173 2250 212 2287 in
230 2249 357 2288 media
374 2249 479 2288 acie:
501 2249 626 2300 ipsum
644 2257 771 2288 autem
788 2251 966 2289 dextrum
986 2264 1119 2296 cornu,
1135 2261 1198 2287 se·

56 2310 220 2350 amdam
239 2311 361 2350 aciem
378 2311 474 2357 fere,
500 2310 541 2349 in
563 2320 692 2350 earum
710 2311 904 2362 legionum
923 2318 1032 2363 parte
1060 2311 1197 2350 cohor-
