1472 2664
487 273 651 311 LIBER
703 270 777 312 111.
1137 277 1206 313 121

77 376 181 414 tione
198 383 340 423 actum,
360 383 501 427 quanta
518 377 579 427 agi
598 377 745 423 debuit,
771 389 887 427 quum
907 376 968 414 ille
987 377 1151 414 celerem
1170 377 1210 415 in

75 450 121 475 ea
137 450 180 474 re
199 437 408 482 victoriam,
436 437 474 473 hi
494 438 654 475 salutem
672 449 779 474 suam
799 438 1005 475 consistere
1024 437 1210 474 viderent.

79 498 156 534 Sed
175 510 255 534 rem
271 498 435 535 obtinuit
455 498 611 542 Caesam
638 510 845 548 omnesque
864 511 927 535 eas
946 510 1074 543 naves,
1094 506 1131 536 et
1150 510 1211 535 re-

75 557 210 608 liquas,
244 570 342 608 quae
370 564 477 595 erant
503 558 542 594 in
564 558 774 603 navalibus,
801 557 983 602 incendit,
1012 558 1114 608 quod
1133 565 1211 595 tam

73 617 149 654 late
169 620 269 655 tueri
288 626 364 655 tam
384 631 499 668 parva
516 631 630 655 manu
645 630 722 654 non
740 624 912 668 poterat;
931 618 1210 668 confestimque

74 678 124 714 ad
143 678 309 716 Pharum
328 679 487 717 navibus
505 679 643 716 milites
662 678 852 729 exposuit.

127 739 253 776 CXII.
307 739 454 777 Pharus
471 748 531 776 est
550 740 587 776 in
603 739 725 776 insula
741 739 869 784 turris,
887 751 1026 789 magna
1043 738 1212 776 altitudi-

75 811 137 845 ne,
156 799 324 837 mirificis
344 800 521 850 operibus
540 807 749 846 exstructa,
769 812 867 850 quae
887 812 1025 837 nomen
1045 800 1093 837 ab
1110 800 1210 837 insu·

73 859 109 896 la
127 860 291 910 accepit.
344 859 457 898 Haec
476 860 611 906 insula,
642 861 796 910 objecta
816 860 1090 905 Alexandriae,
1118 872 1208 911 por-

72 927 154 957 tum
174 921 313 958 efficit:
342 921 424 968 sed,
443 934 466 959 a
480 922 736 972 superioribus
749 921 970 971 regionibus
989 920 1027 957 in
1043 921 1210 972 longitu-

74 981 201 1018 dinem
222 995 399 1033 passuum
420 993 547 1020 Dcccc
568 982 606 1019 in
624 995 728 1020 mare
742 982 856 1032 jactis
875 982 1052 1027 molibus,
1071 994 1210 1032 angus-

75 1048 116 1079 to
135 1043 270 1080 itinere
288 1050 328 1081 et
348 1051 465 1094 ponte
483 1056 569 1080 cum
589 1042 731 1093 oppido
749 1042 1010 1093 conjungitur.
1062 1042 1107 1079 In
1135 1043 1209 1080 hac

73 1112 162 1140 sunt
186 1105 309 1142 insula
332 1105 524 1142 domicilia
551 1104 847 1155 Aegyptiorum,
879 1111 919 1140 et
941 1104 1049 1141 vicus
1080 1103 1212 1153 oppidi

72 1165 358 1215 magnitudine:
389 1178 564 1216 quaeque
585 1165 726 1214 ubique
742 1177 856 1202 naves
874 1164 1130 1214 imprudentia
1146 1173 1213 1201 aut

73 1232 302 1276 tempestate
318 1227 528 1278 paullulum
543 1238 612 1263 suo
628 1238 742 1263 cursu
756 1225 1005 1270 decesserint,
1024 1225 1092 1262 has
1106 1238 1213 1262 more

73 1286 308 1336 praedonum
329 1287 494 1337 diripere
517 1292 809 1324 consueverunt.
855 1285 906 1322 lis
924 1293 1052 1322 autem
1072 1285 1213 1331 invitis,

74 1359 97 1384 a
115 1346 251 1396 quibus
271 1346 417 1384 Pharos
432 1354 599 1392 tenetur,
618 1359 694 1383 non
713 1353 840 1397 potest
853 1358 949 1391 esse,
970 1353 1128 1396 propter
1146 1359 1212 1384 an-

74 1407 232 1458 gustias,
252 1409 410 1445 navibus
430 1408 606 1445 introitus
626 1407 664 1443 in
683 1414 848 1457 portum.
902 1407 991 1444 Hoc
1012 1416 1091 1444 tum
1115 1407 1213 1445 veri-

72 1474 146 1513 tus,
167 1468 321 1513 Caesar,
341 1469 512 1507 hostibus
528 1468 565 1505 in
581 1480 710 1518 pugna
724 1467 935 1517 occupatis,
955 1467 1213 1518 militibusque

73 1528 272 1579 expositis,
300 1528 454 1567 Pharon
472 1528 740 1579 apprehendit,
770 1535 884 1578 atque
904 1527 955 1565 ibi
982 1528 1214 1577 praesidium

71 1590 212 1639 posuit.
269 1591 417 1631 Quibus
437 1597 493 1627 est
512 1590 625 1627 rebus
650 1588 841 1633 effectum,
870 1588 926 1626 uti
945 1596 1028 1626 tuto
1047 1588 1214 1626 frumeu-

74 1657 155 1687 tum
182 1651 399 1701 auxiliaque
419 1651 577 1688 navibus
605 1651 654 1688 ad
672 1663 758 1688 eum
786 1650 1003 1700 supportari
1034 1659 1213 1700 possent:

73 1711 215 1748 dimisit
240 1711 341 1748 enim
362 1712 508 1749 circum
527 1723 658 1748 omnes
683 1710 915 1760 propinquas
935 1711 1124 1760 regiones,
1155 1719 1213 1748 at-

74 1784 149 1822 que
169 1771 258 1808 inde
277 1772 420 1809 auxilia
447 1771 632 1809 evocavit.
688 1770 859 1820 Reliquis
887 1771 1016 1820 oppidi
1044 1772 1214 1820 partibus

72 1832 128 1868 sic
148 1838 206 1868 est
232 1840 457 1882 pugnatum,
491 1839 533 1869 ut
552 1844 675 1881 aequo
702 1831 849 1882 proelio
869 1831 1145 1878 discederetur,
1174 1840 1214 1870 et

75 1892 200 1930 neutri
219 1892 467 1943 pellerentur,
488 1893 547 1943 (id
562 1892 778 1929 efficiebant
792 1892 990 1942 angustiae
1004 1893 1100 1944 loci)
1120 1906 1213 1944 pau·
1264 1894 1268 1899 '

74 1953 203 2004 cisque
224 1955 403 2003 utrinque
431 1953 642 1990 interfectis
671 1953 826 1998 Caesar,
858 1953 944 1990 loca
963 1954 1127 1991 maxime
1148 1967 1214 1992 ne-

75 2014 240 2052 cessaria
269 2013 507 2065 complexus,
541 2021 659 2051 noctu
689 2014 918 2063 praemunit.
973 2013 1060 2051 Hoc
1087 2021 1214 2053 tractu

75 2074 205 2126 oppidi
224 2087 311 2125 pars
330 2081 412 2111 erat
430 2074 558 2124 regiae
577 2074 735 2124 exigua,
755 2074 793 2110 in
809 2086 920 2124 quam
941 2074 1021 2125 ipse
1039 2075 1213 2113 habitan-

75 2134 115 2172 di
133 2148 267 2173 caussa
285 2134 394 2172 initio
414 2142 496 2172 erat
514 2134 707 2180 inductus,
737 2141 776 2172 et
796 2135 1001 2180 theatrum,
1028 2137 1212 2186 conjunc—

76 2202 157 2233 tum
176 2196 321 2242 domui,
340 2195 444 2246 quod
463 2195 561 2232 arcis
581 2196 737 2232 tenebat
759 2195 899 2240 locum,
918 2196 1118 2247 aditusque
1145 2197 1211 2234 ha·

70 2251 190 2294 'bebat
214 2257 263 2294 ad
286 2264 454 2307 portum,
488 2263 527 2293 et
545 2256 594 2293 ad
613 2256 758 2307 reliqua
776 2256 933 2294 navalia.
987 2256 1070 2294 Has
1088 2257 1212 2294 muni-

76 2317 199 2356 tiones
216 2317 504 2368 insequentibus
521 2316 630 2355 auxit
648 2317 797 2364 diebus,
815 2324 858 2355 ut
872 2330 941 2368 pro
957 2330 1064 2356 muro
1079 2319 1208 2368 objec-

156 2377 266 2417 Tou.
291 2377 345 2416 ΙΙ.
658 2378 696 2420 Q
