1472 2664
319 284 392 322 DE
421 283 599 321 BELLO
628 283 767 322 HISP.
793 283 972 321 LIBER.
1155 287 1228 323 251

94 386 201 424 locus
218 384 262 423 in
275 386 357 424 acie
376 386 423 424 ad
438 386 645 424 subsidium
664 386 841 423 veniendi
860 398 938 423 non
955 385 1122 423 daretur.
1158 385 1232 431 Ita,

94 460 212 496 quum
231 447 388 484 clamori
412 454 510 484 esset
529 446 771 484 intermixtus
797 446 973 496 gemitus,
1001 445 1232 495 gladiorumae·

93 519 168 556 que
194 507 361 557 crepitus
379 507 531 544 auribus
550 507 713 551 oblatus,
740 507 1000 558 imperitorum
1020 513 1167 543 mentes
1186 504 1232 542 ti-

92 579 198 605 more
210 567 490 618 praepediebat.
528 567 620 612 Hic,
640 574 682 604 ut
700 567 753 604 ait
769 566 927 611 Ennius,
940 565 1014 602 Pes
1032 565 1131 615 pede
1147 577 1234 615 pre·

91 627 221 674 mitur,
240 628 354 665 armis
367 635 543 664 teruntur
560 639 687 669 arma;
705 626 1016 675 adversariosque
1031 626 1234 663 vehemens

91 686 233 725 tissime
259 694 473 738 pugnantes
491 687 612 724 nostri
631 699 743 737 agere
762 693 987 736 coeperunt,
1008 686 1142 735 quibus
1162 698 1231 735 op-

91 747 223 797 pidum
242 748 314 784 fuit
332 747 513 784 subsidio.
557 747 619 784 Ita
634 747 724 797 ipsis
742 747 984 784 Liberalibus
1001 745 1076 782 fusi
1094 745 1235 795 fugati-

92 819 186 857 que,
212 820 288 845 non
319 806 607 858 superfuissent,
634 807 708 843 nisi
724 807 762 843 in
781 819 869 843 eum
893 805 1024 842 locum
1039 805 1232 855 confugis·

92 875 190 913 sent,
210 880 259 905 ex
276 881 352 918 quo
365 875 474 905 erant
493 868 647 917 egressi.
685 867 730 903 In
751 879 827 917 quo
846 865 991 916 proelio
1012 865 1236 903 cecideruut

91 927 209 965 millia
222 928 416 965 hominum
433 928 585 965 circiter
600 941 698 973 xxx,
717 935 757 964 et
769 927 798 964 si
815 927 910 977 qiuid*
926 927 1107 976 amplius:
1126 937 1235 975 prae-

93 994 203 1025 terea
218 987 426 1032 Labienus,
446 987 577 1024 Attius
599 988 734 1032 Varus,
755 987 890 1037 quibus
910 986 1046 1024 occisis
1065 986 1235 1036 utrisque

92 1047 205 1085 funus
220 1056 279 1084 est
295 1048 437 1086 factum
453 1061 463 1084 ε
483 1048 649 1098 itemque
669 1048 816 1098 equites
832 1046 1011 1091 Romani,
1029 1046 1167 1096 partim
1186 1059 1236 1084 ex

92 1109 200 1153 urbe,
219 1108 356 1158 partim
375 1121 425 1145 ex
443 1108 650 1158 provincia,
670 1108 719 1145 ad
737 1107 855 1144 millia
872 1118 939 1144 111.
992 1106 1122 1143 Nostri
1139 1106 1238 1143 desi-

93 1167 216 1205 derati
243 1169 292 1205 ad
311 1168 505 1205 hominum
525 1180 573 1213 M,
599 1168 737 1218 partim
755 1166 945 1218 peditum,
973 1165 1110 1216 partim
1129 1167 1237 1216 equi-

93 1235 198 1271 tum;
223 1228 341 1265 saucii
359 1228 409 1265 ad
427 1240 467 1265 D.
524 1227 840 1265 Adversariomm
859 1226 1008 1277 aquilae
1027 1234 1114 1263 sunt
1133 1227 1235 1264 abla-

92 1296 154 1326 tae
166 1300 261 1335 xm,
275 1296 314 1325 et
332 1289 453 1338 signa,
472 1296 512 1326 et
522 1288 665 1326 fasces:
684 1295 883 1339 praeterea
898 1287 1020 1324 duces
1036 1287 1127 1324 bell-i
1146 1300 1234 1324 xvn

93 1350 195 1399 capti
212 1357 312 1386 sunt.
367 1349 454 1387 Hos
471 1349 606 1386 habuit
624 1361 687 1386 res
704 1349 843 1386 exitus.

113 1404 118 1406 ’
145 1409 312 1446 XXXII.
366 1409 427 1446 Ex
441 1409 534 1459 fuga
550 1409 623 1446 hac
643 1422 761 1459 quum
777 1408 960 1458 oppidum
978 1407 1166 1444 Mundam
1186 1408 1235 1445 si·

92 1469 134 1506 bi
165 1469 451 1507 constituissent
480 1469 723 1519 praesidium,
755 1468 880 1506 nostri>
903 1469 1140 1518 cogebantur
1168 1481 1235 1505 ne-

94 1530 260 1567 cessario
279 1542 345 1567 eos
375 1530 673 1567 circumvallare.
726 1529 789 1566 Ex
817 1528 983 1566 hostium
1009 1528 1135 1573 armis,
1166 1541 1237 1578 pro

93 1591 239 1641 cespite
259 1591 446 1628 cadavera
463 1590 762 1635 collocabantur,
789 1597 899 1627 scuta
916 1597 956 1627 et
974 1589 1051 1640 pila
1070 1602 1140 1639 pro
1159 1589 1238 1626 val-

93 1651 148 1696 lo,
174 1654 198 1675 *
227 1651 381 1701 insuper
400 1650 532 1696 occisi,
552 1658 591 1688 et
609 1651 739 1702 gladii,
758 1658 797 1688 et
814 1661 1031 1696 mucrones,
1050 1659 1090 1687 et
1109 1649 1237 1700 capita

92 1712 291 1749 hominum
327 1712 514 1757 ordinata,
550 1712 599 1749 ad
630 1711 812 1763 oppidum
848 1723 1032 1749 conversa
1064 1711 1240 1748 universa

94 1772 260 1810 hostium
279 1772 469 1818 timorem,
487 1772 713 1822 virtutisque
733 1772 895 1821 insignia
923 1774 946 1796 ³*
975 1771 1166 1822 proposita
1183 1771 1238 1808 vi-

95 1834 244 1878 derent,
277 1841 316 1870 et
346 1833 444 1871 vallo
476 1832 866 1871 circumcluderentur
894 1831 1099 1870 adversarii
1129 1834 1152 1856 ³*
1185 1833 1240 1868 ita

96 1893 199 1931 Galli
226 1893 384 1943 tragulis
412 1894 625 1944 jaculisque
655 1892 836 1944 oppidum
854 1905 905 1930 ex
935 1892 1101 1930 hostium
1123 1892 1238 1930 cada-

93 1955 245 1992 veribus
263 1961 352 1991 sunt
371 1954 636 2004 circumplexi,
659 1965 880 2004 oppugnare
899 1959 1121 2003 coeperunt.
1176 1951 1237 1988 Ex

95 2016 172 2053 hoc
188 2014 333 2066 proelio
354 2015 526 2052 Valerius
544 2014 765 2051 adolescens
789 2013 1009 2052 Cordubam
1035 2026 1121 2050 cum
1145 2025 1239 2063 pau-

96 2074 152 2111 cis
183 2073 375 2123 equitibus
402 2073 501 2124 fugit
516 2089 526 2116 ;
559 2073 679 2111 Sexto
712 2072 910 2123 Pompeio,
938 2073 1004 2124 qui
1034 2072 1237 2111 Cordubae

94 2133 242 2179 fuisset,
261 2142 340 2171 rem
355 2141 502 2184 gestam
516 2133 644 2172 refert.
683 2134 849 2184 Cognito
863 2134 939 2171 hoc
953 2133 1123 2183 negotio,
1143 2146 1237 2184 quos

96 2193 259 2245 equites,
284 2195 387 2244 quod
414 2194 603 2245 pecuniae
621 2207 751 2233 secum
777 2195 924 2239 habuit,
952 2195 1007 2232 eis
1024 2194 1238 2238 distribuit;

95 2262 136 2292 et
154 2255 352 2306 oppidanis
367 2255 478 2301 dixit,
498 2267 538 2292 se
557 2254 605 2292 de
623 2268 718 2306 pace
737 2256 788 2293 ad·
805 2256 1007 2294 Caesarem
1026 2255 1238 2306 proficisci:

96 2322 136 2352 et
153 2316 321 2354 secunda
338 2316 466 2367 vigilia
485 2316 532 2353 ab
552 2317 693 2367 oppido
711 2316 895 2356 discessit.
941 2316 1013 2354 Cn.
1033 2316 1241 2366 Pompeius*
