1472 2664
224 257 273 291 94«
529 251 603 289 DE
645 251 822 288 BELLO
865 250 1032 289 CIVILI

230 354 308 391 cies
327 354 510 392 instructa
529 367 550 391 a
569 355 719 400 nostris,
740 355 803 405 qui
823 361 946 392 castra
965 360 1259 404 occupaverant,
1280 366 1362 390 cer-

227 415 403 459 nebatur,
431 415 632 465 omniaque
661 422 749 452 sunt
778 415 902 452 subito
921 422 1076 452 mutata.
1131 413 1364 464 Pompeiana

228 475 327 511 enim
347 475 464 524 legio,
496 475 630 512 celeris
648 488 714 525 spe
734 475 890 512 subsidii
910 474 1146 519 confirmata,
1179 474 1226 510 ab
1246 473 1363 510 decu-

226 547 338 572 mana
357 542 466 584 porta
481 535 655 572 resistere
672 536 895 579 conabatur,
916 542 1030 584 atque
1046 534 1147 571 ultro
1163 533 1198 569 in
1215 540 1363 570 nostros

225 594 409 643 impetum
430 594 604 632 faciebat.
661 594 862 644 Equitatus
878 594 1062 638 Caesaris,
1083 593 1185 643 quod
1199 600 1362 642 angusto

226 653 361 691 itinere
380 667 448 703 per
463 668 622 704 aggeres
642 654 912 699 adscendebat,
932 654 1103 704 receptui
1123 666 1190 690 suo
1206 653 1358 698 timens,

226 714 374 751 initium
396 715 508 765 fugae
527 716 704 752 faciebat.
758 715 951 752 Dextrum
973 728 1106 761 cornu,
1127 714 1229 764 quod
1249 722 1329 750 erat
1343 725 1365 749 a

226 774 379 811 sinistro
398 776 603 821 seclusum,
637 783 782 813 terrore
811 776 983 825 equitum
1015 775 1290 820 animadverso,
1316 786 1364 810 ne

228 835 327 871 intra
357 835 605 872 munitionem
635 836 927 886 opprimeretur,
957 849 1005 872 ex
1032 843 1152 886 parte,
1181 848 1255 886 qua
1280 848 1366 885 pro-

227 896 376 940 ruebat,
397 908 479 932 sese
499 896 728 946 recipiebat:
763 908 807 933 ac
828 896 999 946 plerique
1019 910 1066 934 ex
1087 897 1144 942 iis,
1172 908 1220 932 ne
1242 896 1278 932 in
1298 907 1365 932 an-

226 956 371 1005 gustias
399 956 624 1001 inciderent,
654 969 678 992 x
706 957 846 1006 pedum
875 956 1094 993 munitionis
1120 969 1160 993 se
1179 956 1217 992 in
1246 955 1366 993 fossas

227 1016 542 1066 praecipitabant;
563 1016 770 1066 primisque
787 1017 976 1066 oppressis
991 1016 1127 1066 reliqui
1146 1029 1213 1066 per
1228 1015 1364 1052 horum

228 1088 387 1126 corpora
408 1076 567 1113 salutem
584 1076 653 1112 sibi
669 1084 783 1126 atque
803 1077 946 1113 exitum
964 1077 1174 1127 pariebant.
1205 1076 1365 1114 Sinistro

228 1149 347 1173 cornu
376 1137 527 1182 milites,
557 1150 671 1187 quum
693 1150 742 1173 ex
761 1137 874 1182 vallo,
903 1137 1127 1187 Pompeium
1154 1137 1298 1182 adesse,
1327 1144 1366 1174 et

227 1210 314 1234 ¹<uos
334 1197 481 1247 fugere,
502 1205 718 1243 cernerent,
738 1198 847 1234 veriti
864 1211 911 1234 ne
931 1198 1114 1247 angustiis
1134 1198 1364 1235 interclude-

227 1265 372 1304 rentur,
393 1272 508 1308 quum
529 1266 639 1295 extra
658 1266 697 1295 et
712 1258 812 1295 intus
832 1259 978 1295 hostem
995 1259 1194 1304 haberent,
1213 1259 1363 1304 eodem,

228 1332 303 1368 quo
318 1326 514 1363 venerant,
535 1319 708 1368 receptui
729 1319 797 1355 sibi
818 1319 1086 1356 consulebant:
1107 1319 1308 1369 omniaque
1325 1331 1365 1355 e-

228 1387 312 1416 rant
335 1379 532 1425 tumultus,
552 1379 712 1424 timoris,
731 1378 860 1428 fugae,
880 1379 1012 1428 plena;
1041 1379 1149 1424 adeo,
1169 1386 1225 1424 ut,
1246 1392 1362 1428 quum

228 1440 368 1478 Caesar
388 1441 495 1489 signa
513 1440 742 1489 fugientium
772 1453 887 1477 manu
906 1440 1175 1490 prehenderet‚
1209 1447 1247 1477 et
1273 1452 1363 1476 con-

229 1501 361 1538 sistere
378 1502 544 1552 juberet,
578 1501 654 1546 alii,
686 1500 847 1537 dimissis
867 1500 987 1550 equis,
1021 1500 1186 1537 eundem
1212 1513 1364 1537 cursum

229 1563 476 1606 conficerent,
497 1562 557 1598 alii
579 1574 627 1598 ex
646 1569 752 1598 metu
771 1561 884 1598 etiam
904 1561 1013 1611 signa
1033 1561 1279 1607 dimitterent,
1299 1574 1364 1598 ne-

228 1636 302 1672 que
322 1623 520 1672 quisquam
541 1622 695 1658 omnino
715 1622 953 1659 consisteret.

278 1682 402 1718 LXX.
441 1682 513 1719 llis
529 1682 643 1719 tantis
659 1682 764 1718 malis
780 1682 874 1718 haec
894 1681 1061 1718 subsidia
1076 1682 1364 1728 succurrebant,

228 1756 303 1793 quo
323 1743 446 1779 minus
461 1742 580 1778 omnis
596 1742 786 1779 deleretur
800 1741 1008 1783 exercitus;
1028 1741 1130 1791 quod
1145 1741 1362 1791 Pompeius,

228 1803 381 1839 insidias
401 1803 553 1847 timens,
582 1803 711 1847 crede,
732 1803 834 1852 quod
852 1802 947 1839 haec
966 1810 1118 1852 praeter
1137 1814 1241 1852 spem
1261 1803 1363 1840 acci-

228 1863 364 1900 derant
383 1865 477 1912 ejus,
498 1863 560 1913 qui
583 1864 707 1912 paullo
727 1870 814 1900 ante
844 1876 891 1900 ex
912 1863 1046 1904 castris
1065 1862 1257 1912 fugientes
1275 1875 1364 1900 suos

228 1932 495 1973 conspexerat,
515 1924 787 1961 munitionibus
807 1924 1111 1973 appropinquare
1130 1922 1363 1972 aliquamdiu

227 1997 302 2020 non
335 1984 522 2025 audebam
554 1984 778 2034 equitesque
798 1985 892 2033 ejus,
920 1982 1103 2032 angustiis
1129 1983 1323 2032 portisque
1343 1995 1366 2020 a

227 2044 400 2082 Caesaris
432 2044 612 2081 militibus
633 2043 841 2093 occupatiS‚
874 2044 922 2080 ad
942 2043 1216 2092 insequendum
1237 2042 1364 2079 tarda-

227 2106 378 2142 bantur.
431 2105 489 2142 lta
509 2118 645 2154 parvae
665 2117 723 2141 res
743 2116 921 2153 magnum
943 2103 979 2139 in
996 2109 1194 2151 utramque
1213 2110 1362 2152 partem

227 2173 461 2202 momentum
481 2165 707 2202 habuerunt.
757 2164 990 2201 Munitiones
1006 2162 1106 2199 enim
1126 2174 1147 2198 a
1163 2162 1296 2199 castris
1316 2163 1366 2199 ad

228 2226 368 2262 flumen
399 2225 623 2274 perductae,
655 2223 882 2274 expugnatis
907 2225 987 2272 jam
1018 2222 1150 2265 castris
1180 2221 1365 2272 Pompeii,

228 2299 346 2336 prope
361 2286 438 2334 jam
460 2285 677 2335 expeditam
695 2284 867 2322 Caesaris
881 2283 1078 2321 victoriam
1099 2281 1364 2332 interpellave-
