1472 2664
245 263 314 298 131·
679 258 730 294 A.
770 256 949 295 HIRTII

240 361 442 400 continere
457 367 681 410 potuerunt3
700 360 771 397 etsi
791 367 872 399 erat
888 373 963 398 non
978 358 1174 406 dissimile,
1192 367 1307 410 atque
1322 360 1378 398 A·

235 422 472 467 lexandriae,
491 434 612 472 genus
631 421 903 466 aedificiorum,
928 420 991 472 (ut
1010 420 1157 457 minora
1170 420 1375 469 majoribus

239 481 507 533 conserantur)
532 490 733 532 turresque
752 481 878 519 editae
898 488 938 518 et
958 482 1189 530 conjunctae
1208 480 1306 518 muri
1324 480 1382 518 lo-

239 557 326 582 cum
346 544 597 581 obtinebant:
626 555 751 593 neque
783 542 902 581 nostri
922 549 988 579 aut
1020 541 1146 586 scalis,
1173 549 1240 579 aut
1269 541 1384 580 crati-

235 605 321 650 bus,
348 611 414 642 aut
432 603 586 654 reliquis
607 604 734 648 rebus,
753 603 874 652 parati
892 608 1076 640 venerant
1090 601 1138 638 ad
1153 614 1380 652 oppugnan-

239 665 342 702 dum.
393 664 469 702 Sed
489 672 612 702 terror
630 664 847 701 hominibus
866 671 1031 700 mentem
1050 661 1326 712 consiliumque
1344 675 1384 700 e-

238 726 341 776 ripit,
362 734 402 763 et
416 725 586 762 membra
605 723 798 767 debilitat;
817 731 858 761 ut
878 731 970 762 tunc
986 722 1140 761 accidit.
1194 722 1269 764 Qui
1283 735 1323 760 se
1344 722 1382 759 in

238 798 362 836 aequo
380 786 465 823 loco
497 798 543 823 ac
562 786 675 836 plano
706 797 816 836 pares
849 798 932 822 esse
961 784 1222 829 confidebant,
1250 783 1380 829 iidem,

238 847 430 898 perterriti
457 846 550 895 fuga
575 858 729 883 suorum
750 853 788 883 et
807 845 926 884 caede
944 858 1168 896 paucorum,
1200 857 1282 881 xxx
1314 858 1380 895 pe-

239 908 329 946 dum
349 907 551 944 altitudine
584 906 621 943 in
642 906 825 944 aedificiis
854 906 1063 943 consistere
1083 906 1163 944 ausi
1183 919 1258 943 non
1279 914 1382 951 sunt,

241 980 359 1018 seque
379 980 448 1018 per
479 967 616 1005 molem
637 967 674 1003 in
694 979 796 1004 mare
816 966 1178 1016 praecipitaverunt,
1206 972 1246 1003 et
1278 978 1383 1003 Dccc

242 1041 420 1078 passuum
447 1027 648 1065 intervallo
680 1027 730 1064 ad
748 1027 931 1078 oppidum
951 1034 1213 1064 enataverunt.
1268 1025 1384 1065 Multi

241 1098 368 1126 tamen
388 1102 438 1126 ex
459 1089 502 1126 iis
522 1089 623 1138 capti
657 1087 928 1139 interfectique
960 1095 1048 1125 sunt
1068 1102 1077 1124 z
1107 1088 1176 1125 sed
1206 1100 1385 1127 numerus

241 1150 475 1201 captivorum
497 1150 653 1187 omnino
673 1148 745 1186 fuit
765 1161 829 1186 Dc.

291 1211 402 1248 XIX.
457 1210 611 1255 Caesar,
639 1209 781 1260 praeda
807 1209 990 1248 militibus
1020 1222 1217 1256 concessa,
1247 1211 1380 1248 aedifi-

239 1269 299 1307 cia
317 1269 428 1318 diripi
444 1269 570 1319 jussit,
590 1268 867 1319 castellumque
885 1269 933 1306 ad
952 1276 1121 1319 pontem,
1141 1271 1204 1320 qui
1225 1271 1383 1321 propior

239 1338 323 1366 erat
342 1329 481 1373 Pharo,
502 1329 764 1374 communivit,
784 1337 899 1379 atque
925 1329 976 1366 ibi
995 1330 1225 1380 praesidium
1245 1331 1385 1382 posuit.

241 1391 360 1427 Hunc
380 1390 471 1440 fuga
485 1390 662 1427 Pharitae
678 1390 929 1440 reliquerant;
949 1390 1148 1429 fortiorem
1163 1391 1282 1437 illum,
1298 1406 1386 1442 pro-

240 1451 464 1501 pioremque
483 1451 639 1501 oppido,
654 1450 908 1488 Alexandrini
929 1451 1148 1489 tuebantur.
1204 1452 1281 1490 Sed
1297 1465 1383 1490 eum

240 1518 396 1561 postero
416 1511 476 1548 die
492 1511 603 1548 simili
618 1511 766 1550 ratione
786 1511 1023 1562 aggreditur,
1043 1511 1161 1562 quod,
1176 1512 1234 1549 his
1249 1513 1383 1550 obten-

240 1572 289 1609 tis
303 1572 467 1617 duobus,
487 1585 638 1610 omnem
658 1572 894 1622 navigiorum
908 1584 1113 1610 excursum
1129 1580 1168 1610 et
1182 1573 1381 1624 repentina

239 1633 440 1671 latrocinia
467 1633 658 1670 sublatum
691 1632 736 1669 iri
767 1632 980 1671 videbatur.
1033 1633 1200 1684 Jamque
1219 1647 1300 1680 eos,
1319 1634 1384 1685 qui

240 1694 428 1744 praesidio
447 1706 533 1731 cum
553 1693 680 1731 locum
700 1694 896 1739 tenebant,
917 1695 1116 1732 tormentis
1142 1708 1192 1732 ex
1221 1695 1380 1732 navibus

239 1754 466 1805 sagittisque
484 1755 698 1805 depulerat,
718 1762 832 1805 atque
853 1755 890 1792 in
905 1755 1086 1805 oppidum
1108 1756 1324 1805 redegerat,
1344 1763 1383 1793 et

241 1816 455 1853 cohortium
478 1828 528 1853 111
551 1816 668 1853 instar
688 1815 724 1853 in
745 1823 883 1853 terram
904 1824 1159 1866 exposuerat;
1186 1829 1262 1854 non
1283 1816 1384 1853 enim

239 1877 366 1926 plures
386 1878 596 1914 consistere
611 1876 810 1926 angustiae
829 1877 903 1914 loci
923 1877 1188 1926 patiebantur:
1214 1877 1383 1928 reliquae

241 1938 374 1988 copiae
407 1938 444 1974 in
465 1933 623 1974 navibus
642 1937 844 1975 stationem
865 1938 1101 1975 obtinebant.
1159 1939 1246 1980 Quo
1266 1939 1386 1984 facto,

241 1998 402 2048 imperat
422 2006 577 2049 pontem
597 1999 776 2036 adversus
796 1998 943 2037 hostem
964 1999 1202 2049 praevallari‚
1232 2006 1284 2044 et,
1308 2011 1385 2049 qua

241 2060 368 2096 exitus
387 2060 545 2097 navibus
565 2066 648 2097 erat
665 2059 813 2097 fornice
832 2067 1045 2104 exstructo,
1065 2073 1141 2110 quo
1158 2072 1252 2110 pons
1271 2059 1384 2097 susti-

240 2121 417 2165 uebatur,
436 2120 624 2170 lapidibus
643 2120 788 2170 oppleri
808 2127 924 2171 atquc
939 2121 1085 2158 obstrui
1102 2134 1110 2157 :
1143 2134 1304 2172 quorum
1333 2120 1385 2158 al-

240 2190 324 2218 tero
344 2194 459 2231 opere
475 2181 627 2226 effecto,
646 2181 807 2218 utnulla
822 2181 977 2219 omnino
992 2183 1135 2232 scapha
1149 2182 1280 2233 egredi
1296 2195 1382 2233 pos-

241 2250 314 2286 set,
331 2242 451 2279 altero
468 2242 655 2287 instituto,
672 2255 803 2279 omncs
819 2243 1171 2281 Alexandrinorum
1187 2245 1320 2295 copiae
1335 2257 1384 2281 ex

242 2302 385 2353 oppido
399 2315 439 2340 se
458 2304 670 2352 ejecerunt,
691 2310 730 2341 et
745 2311 879 2341 contra
898 2304 1131 2343 munitiones
1151 2305 1280 2356 pontis
1300 2305 1384 2342 lati·
