1472 2664
267 282 344 319 ‘212
729 280 778 317 A.
819 280 996 319 HIRTII

269 395 315 420 ac
343 382 551 428 retardato,
579 395 665 419 suos
693 383 841 434 equites
860 384 1006 434 recepit
1039 383 1259 421 incolumes.
1313 383 1406 422 Pos-

270 451 353 481 tero
373 443 433 481 die
452 444 555 481 Juba
574 443 760 481 Numidas
776 457 854 490 eos,
875 445 951 494 qui,
972 445 1058 481 loco
1077 444 1227 490 amisso,
1256 444 1347 494 fuga
1364 457 1405 482 se

270 511 497 554 receperant
516 504 553 541 in
569 512 706 551 castra,
726 504 764 541 in
780 518 894 542 cruce
915 517 1046 543 omnes
1065 505 1215 542 suffixit.

320 565 484 602 LXVII.
541 566 680 603 Caesar
699 566 864 610 interim,
885 566 1062 616 quoniam
1077 566 1257 603 frumenti
1277 565 1404 616 inopia

268 626 526 677 premebatur,
557 626 685 677 copias
713 638 843 663 omnes
863 626 899 663 in
921 634 1045 663 castra
1064 626 1266 669 conducit;
1295 633 1408 676 atque

266 686 455 736 praesidio
474 686 602 737 Lepti,
632 687 842 737 Ruspinae,
873 686 1064 731 Achillae,
1096 687 1244 731 relicto,
1274 686 1404 735 Cispio

268 746 511 796 Aquilaeque
531 747 650 783 classe
671 747 823 792 tradita,
843 755 885 783 ut
905 747 999 784 alter
1022 747 1291 792 Adrumetum‚
1311 747 1408 784 alter

268 806 478 857 Thapsum,
506 807 599 843 mari
620 807 853 852 obsiderent,
886 808 980 857 ipse,
1001 808 1133 845 castris
1155 807 1331 852 incensis,
1362 819 1405 843 iv

266 867 389 905 noctis
408 867 550 917 vigilia,
569 869 651 905 acie
680 868 880 914 instructa,
900 869 1181 918 impedimentis
1203 869 1237 904 in
1258 868 1410 904 sinistra

265 934 374 978 parte
395 928 606 975 collocatis,
634 941 683 966 ex
703 942 748 966 eo
767 930 856 966 loco
877 929 1145 979 proficiscitur,
1174 925 1212 965 e't
1232 929 1406 978 pervenit

266 988 315 1025 ad
334 989 516 1039 oppidum
538 990 659 1040 Agar,
692 990 835 1040 quoda
863 989 1038 1027 Gaetulis
1057 1002 1170 1040 saepe
1202 997 1315 1026 antea
1340 1002 1407 1039 op-

263 1058 490 1100 pugnatum,
517 1063 739 1102 summaque
776 1051 811 1087 vi
844 1064 912 1101 per
949 1051 1049 1101 ipsos
1082 1051 1308 1101 oppidanos>
1327 1059 1409 1089 erat

264 1111 477 1148 defensum.
529 1111 587 1148 Ibi
614 1112 651 1148 in
687 1124 821 1162 eampo
854 1112 987 1150 castris
1020 1112 1103 1148 unis
1138 1111 1281 1161 positis,
1310 1112 1406 1162 ipse,

264 1171 538 1208 frumentatum
568 1171 711 1209 circum
733 1172 840 1208 villas
869 1185 954 1208 cum
976 1178 1082 1221 parte
1102 1171 1295 1208 exercitus
1322 1184 1410 1221 pro-

264 1230 404 1277 fectus,
424 1245 564 1282 magno
583 1232 738 1270 invento
758 1232 905 1277 hordei,
926 1232 1013 1277 olei,
1042 1232 1131 1277 vini,
1151 1232 1211 1269 fici
1232 1245 1406 1278 numero,

263 1305 389 1342 pauco
409 1292 540 1338 tritici,
560 1300 675 1343 atque
692 1299 866 1330 recreato
886 1293 1075 1338 exercitu,
1095 1292 1194 1330 redit
1214 1293 1249 1329 in
1270 1299 1407 1330 castra.

266 1354 398 1404 Scipio
417 1354 583 1399 interim,
600 1354 756 1404 cognito
773 1354 946 1391 Caesaris
959 1353 1140 1397 discessu,
1155 1367 1240 1390 cum
1258 1353 1408 1389 univer-

264 1412 315 1450 sis
334 1412 453 1462 copiis
473 1426 541 1463 per
569 1414 705 1463 jugum
739 1413 942 1451 Caesarem
971 1414 1149 1463 subsequi
1171 1413 1322 1463 coepit;
1351 1421 1408 1450 at-

264 1487 339 1524 que
358 1474 405 1511 ab
437 1475 519 1523 ejus
552 1474 685 1512 castris
714 1474 831 1511 millia
862 1487 1041 1524 passuum
1063 1486 1105 1510 Vl
1136 1475 1264 1524 longe,
1302 1475 1410 1512 trinis

263 1534 397 1572 castris
416 1535 625 1586 dispartitis
645 1535 778 1585 copiis,
806 1535 992 1572 consedit.

315 1595 501 1633 LXVIII.
557 1595 752 1646 Oppidum
773 1603 853 1633 erat
867 1596 975 1642 Zeta,
995 1596 1097 1647 quod
1113 1597 1244 1634 aberat
1264 1598 1310 1634 ab
1328 1597 1409 1634 Sci-

262 1656 380 1708 pione
400 1657 518 1694 millia
545 1670 724 1707 passuum
745 1669 782 1702 x,
815 1657 863 1694 ad
883 1660 964 1708 ejus
983 1657 1178 1707 regionem
1199 1665 1238 1694 et
1257 1666 1405 1708 partem

264 1724 478 1756 castrorum
499 1717 744 1763 collocatum,
776 1730 798 1754 a
818 1717 982 1755 Caesare
1003 1724 1130 1754 autem
1152 1718 1341 1755 diversum
1361 1732 1407 1756 ac

262 1786 468 1824 remotum,
489 1778 593 1829 quod
611 1785 693 1815 erat
713 1778 760 1815 ab
779 1791 825 1815 eo
845 1778 959 1828 longe
974 1778 1092 1815 millia
1107 1791 1284 1828 passuum
1302 1791 1407 1816 xnx.

261 1839 355 1877 Huc
396 1839 525 1889 Scipio
562 1839 734 1890 legiones
773 1851 805 1875 11
843 1838 1099 1876 frumentandi
1132 1840 1256 1889 gratia
1292 1840 1407 1877 misit.

263 1900 379 1942 Quod
412 1907 613 1950 postquam
635 1900 775 1937 Caesar
793 1912 842 1936 ex
862 1899 1023 1948 perfuga
1042 1900 1236 1949 cognovit,
1274 1901 1408 1938 castris

261 1973 313 1998 ex
346 1974 480 2011 campo
501 1961 536 1997 in
558 1961 694 1998 collem
715 1972 760 1997 ac
779 1959 921 1996 tutiora
940 1959 1024 1997 loca
1044 1960 1253 2006 collocatis,
1292 1968 1407 2011 atque

261 2021 314 2058 ibi
335 2021 522 2071 praesidio
543 2021 692 2065 relicto,
721 2020 815 2070 ipse,
838 2032 882 2055 1v
898 2020 1025 2070 vigilia
1044 2033 1231 2070 egressus,
1252 2029 1408 2070 praeter

260 2082 429 2119 hostium
450 2090 574 2119 castra
593 2080 848 2132 proficiscitur
868 2094 954 2118 cum
976 2081 1107 2131 copiis,
1129 2089 1167 2118 et
1179 2082 1319 2132 oppido
1336 2095 1406 2132 po-

260 2142 365 2180 titur.
419 2142 611 2192 Legiones
633 2141 823 2192 Scipionis
856 2142 1043 2192 comperit
1063 2141 1212 2191 longius
1250 2143 1286 2179 in
1306 2143 1407 2192 agris

261 2201 486 2240 frumentari
504 2217 513 2239 :
542 2210 594 2247 et,
615 2215 731 2252 quum
752 2214 798 2238 eo
828 2202 1060 2239 contendere
1081 2210 1296 2247 conaretur,
1324 2203 1404 2239 ani-

261 2263 466 2300 madvertit
481 2263 609 2313 copias
622 2263 787 2299 hostium
807 2262 848 2298 iis
866 2262 1078 2312 legionibus
1095 2275 1297 2300 occurrere
1313 2277 1402 2313 sup-

260 2324 395 2379 petias.
422 2336 519 2375 quae
551 2336 611 2362 res
642 2324 724 2373 ejus
761 2323 944 2373 impetum
977 2322 1194 2361 retardavit.
1249 2324 1401 2375 Itaque,
