1472 2664
205 267 274 302 126
635 265 686 301 A.
726 263 903 303 HIRTII

198 367 294 404 vatis
313 367 511 413 aedificiis,
538 367 726 417 specubus
744 380 789 405 ac
818 368 942 418 puteis
961 373 1156 404 exstracta
1173 378 1271 417 aqua
1290 379 1332 403 u-

201 428 393 466 tebantur.

251 488 319 525 Vl.
374 489 463 526 Hoc
484 490 644 540 probato
665 490 836 536 consilio,
864 503 1043 540 magnum
1063 502 1108 527 ac
1128 488 1278 526 difficile
1297 502 1337 525 o-

199 564 269 602 pus
298 552 532 602 aggreditur.
600 552 824 602 Interseptis
853 553 951 588 enirn
985 552 1187 602 specubus,
1223 557 1339 600 atque

199 612 375 649 omnibus
403 613 506 650 urbis
536 614 706 663 partibus
726 613 906 659 exclusis,
938 625 1036 664 quae
1055 613 1101 650 ab
1130 612 1212 662 ipso
1231 620 1338 650 tene-

197 673 351 718 bantur,
371 686 492 723 aquae
510 686 686 724 magnam
706 674 779 710 vim
796 687 845 711 ex
859 674 953 710 mari
973 673 1064 709 rotis
1080 686 1124 710 ac
1144 672 1338 710 machina-

199 733 367 770 tionibus
386 734 602 784 exprimere
621 734 832 771 contendit.
886 734 1001 771 Hanc
1021 734 1114 770 locis
1133 733 1338 784 superiori-

198 794 270 830 bus
300 794 462 832 fundere
494 795 532 831 in
560 803 706 845 partem
736 795 908 833 Caesaris
935 808 1011 832 non
1038 795 1338 839 intermittebat;

199 868 312 905 quam
340 857 389 892 ob
416 869 495 893 rem
523 857 655 893 salsior
683 857 809 907 paullo
837 864 988 907 praeter
1020 856 1338 894 consuetudinem

199 929 299 967 aqua
325 917 558 954 trahebaturv
576 930 625 954 ex
651 917 833 968 proximis
860 917 1055 962 aedificiis,
1084 929 1337 967 magnamque

200 977 416 1015 hominibus
444 978 732 1015 admirationem
765 979 986 1028 praebebat,
1019 990 1131 1028 quam
1161 978 1209 1014 ob
1229 990 1339 1014 caus·

198 1049 278 1072 sam
298 1036 335 1073 id
351 1037 574 1074 accidisset:
604 1050 676 1075 nec
696 1039 784 1075 satis
804 1037 874 1074 sibi
894 1037 963 1088 ipsi
980 1037 1202 1084 credebant,
1222 1051 1340 1088 quum

199 1110 239 1134 se
255 1096 454 1134 inferiores
469 1098 638 1147 ejusdem
657 1097 809 1148 generis
827 1110 873 1136 ac
887 1098 1031 1148 saporis
1050 1111 1147 1148 aqua
1167 1098 1340 1136 dicerent

202 1158 271 1203 uti,
291 1165 406 1208 atque
426 1166 514 1196 ante
534 1159 806 1195 consuessent:
826 1159 1016 1208 vulgoque
1032 1159 1131 1196 inter
1149 1171 1188 1195 se
1212 1158 1342 1196 confe-

200 1219 349 1264 rebant,
370 1227 408 1256 et
427 1219 679 1268 degustando,
707 1226 890 1269 quantum
911 1219 1010 1256 inter
1027 1233 1068 1257 se
1087 1219 1283 1257 differrent
1307 1232 1346 1257 a-

202 1292 314 1329 quae,
331 1281 629 1329 cognoscebant.
658 1281 782 1317 Parvo
793 1293 883 1317 vero
898 1281 1082 1330 temporis
1097 1280 1232 1330 spatio,
1246 1281 1343 1318 haec

202 1341 356 1390 propior
369 1341 448 1377 bibi
468 1341 622 1378 omnino
636 1355 713 1378 non
733 1348 906 1392 poterat3
925 1341 989 1378 illa
1008 1340 1164 1378 inferior
1183 1354 1342 1392 corrup-

204 1401 280 1438 tior
293 1403 371 1450 jam
392 1402 600 1453 salsiorque
619 1403 893 1453 reperiebatur.

254 1461 344 1498 VII.
399 1464 487 1504 Quo
504 1463 608 1500 facto
628 1463 865 1500 dubitatione
884 1463 1048 1509 sublata,
1075 1469 1204 1500 tantus
1223 1464 1345 1501 inces-

205 1523 253 1560 sit
272 1523 398 1569 timor‚
434 1531 476 1560 ut
495 1525 542 1561 ad
562 1531 776 1562 extremum
798 1538 927 1562 casum
947 1524 1106 1575 periculi
1127 1538 1259 1562 omnes
1280 1525 1346 1563 de-

202 1584 308 1622 ducti
323 1584 556 1630 viderentur,
572 1592 687 1634 atque
703 1585 764 1622 alii
781 1585 917 1621 morari
935 1585 1139 1622 Caesarem
1155 1585 1345 1630 dicerent,

202 1645 292 1695 quin
314 1657 428 1681 naves
449 1645 709 1682 conscendere
724 1646 895 1694 juberet;
915 1645 977 1682 alii
992 1645 1112 1683 multo
1132 1646 1345 1695 graviorem

203 1706 503 1742 extimescerent
528 1718 673 1751 casum,
702 1707 805 1756 quod
824 1719 949 1756 neque
977 1707 1091 1743 celari
1113 1707 1346 1744 Alexandri·

204 1757 261 1793 nis
280 1764 435 1807 possent
451 1757 488 1793 in
505 1757 723 1807 apparanda
741 1757 846 1807 fuga,
867 1771 982 1808 quum
999 1764 1075 1795 tam
1091 1770 1208 1808 parvo
1224 1759 1346 1810 spatio

207 1817 394 1854 distarent
412 1817 458 1853 ab
480 1817 588 1867 ipsis;
608 1830 747 1867 neque,
767 1818 838 1854 illis
858 1817 1140 1861 imminentibus
1155 1826 1270 1869 atque
1290 1819 1347 1856 in-

203 1877 465 1927 sequentibus,
487 1877 585 1915 ullus
605 1879 642 1915 in
655 1891 769 1916 naves
785 1887 963 1928 receptus
979 1879 1145 1916 daretur.
1174 1879 1266 1917 Erat
1282 1892 1347 1918 au-

203 1947 281 1974 tem
299 1950 437 1987 magna
453 1938 659 1976 multitudo
678 1939 952 1989 oppidanorum
975 1940 1010 1976 in
1031 1948 1139 1990 parte
1160 1942 1347 1988 Caesaris,

206 2013 318 2050 quam
340 2000 540 2037 domiciliis
562 2000 728 2050 ipsorum
748 2013 822 2036 non
844 2008 1027 2045 moverat,
1061 2002 1162 2051 quod
1181 2015 1226 2039 ea
1244 2015 1285 2040 se
1303 2002 1348 2039 fi-

205 2061 329 2097 delem
346 2061 469 2110 palam
485 2061 623 2098 nostris
638 2074 721 2098 esse
735 2061 949 2106 simulabat,
964 2069 1002 2098 et
1017 2061 1219 2100 descivisse
1234 2076 1256 2100 a
1271 2063 1348 2101 suis

202 2121 424 2165 videbatur3
446 2130 501 2167 ut,
521 2123 550 2159 si
570 2122 661 2158 mihi
681 2122 911 2159 defendendi
933 2130 1060 2160 essent
1082 2123 1347 2170 Alexandrini,

204 2181 307 2233 quod
327 2195 452 2232 neque
483 2182 638 2220 fallaces
666 2191 806 2228 essent,
835 2196 960 2234 neque
989 2183 1195 2229 temerarii,
1227 2184 1348 2222 multa

205 2242 325 2281 oratio
344 2242 483 2281 frustra
511 2245 800 2282 absumeretur:
831 2258 946 2295 quum
966 2257 1056 2282 vero
1077 2257 1152 2282 uno
1172 2251 1346 2295 tempore
