1472 2664
307 271 382 319 DE
412 278 589 318 BELLo
619 280 781 318 ALEx.
807 280 984 318 LIBER.
1142 284 1215 321 1‘29

77 395 156 429 ves,
184 397 276 434 quas
295 384 434 434 potuit,
454 384 595 421 Caesar
609 384 658 421 ad
677 391 817 421 terram
836 384 1017 430 detrahit,
1038 395 1151 434 quem
1173 383 1210 420 in

77 444 203 481 locum
223 445 305 481 illos
324 456 568 481 successuros
587 457 663 480 non
680 444 933 481 existimabat.

127 504 197 541 XI.
243 504 335 541 Erat
352 517 424 541 una
438 505 542 541 navis
559 504 710 541 Rhodia
723 504 761 541 in
780 505 918 541 dextro
934 503 1106 542 Caesaris
1127 516 1211 540 cor·

75 577 141 610 nu,
161 565 275 614 longe
289 565 336 602 ab
351 564 507 615 reliquis
523 565 720 602 collocata.
753 565 868 602 Hanc
883 564 1108 614 conspicati,
1124 564 1211 601 hos-

77 633 134 663 tes
152 639 228 662 non
249 633 456 663 tenuerunt
475 638 571 671 sese,
591 638 808 676 magnoque
828 626 975 676 impetu
994 637 1040 662 1V
1059 624 1108 662 ad
1127 638 1211 662 eam

76 695 292 724 constratae
312 699 425 723 naves
440 694 479 723 et
498 686 713 735 complures
732 693 888 736 apertae
907 686 1211 723 contenderunt:

75 748 137 784 cui
157 756 314 785 coactus
332 754 391 784 est
410 747 550 785 Caesar
567 747 667 784 ferre
686 747 910 793 subsidium,
934 761 982 785 ne
1002 755 1153 798 turpem
1173 748 1212 784 in

72 815 284 858 conspectu
305 807 572 845 contumeliam
593 808 801 858 acciperet;
823 821 1054 859 quanquam,
1072 809 1103 845 si
1122 809 1214 859 quid

74 869 225 918 gravius
261 868 333 905 illis
370 868 586 913 accidisset,
626 869 762 907 merito
794 881 970 907 casurum
1002 870 1212 920 judicabat.

73 928 267 966 Proelium
296 929 537 966 commissum
571 935 628 965 est
657 941 795 979 magna
827 929 1074 967 contentione
1108 929 1213 967 Rho·

73 989 224 1026 diorum
241 1003 249 1026 :
271 990 349 1040 qui,
370 1002 487 1040 quum
507 989 544 1026 in
565 989 739 1026 omnibus
758 989 1065 1027 dimicationibus
1085 997 1122 1027 et
1140 990 1214 1028 sci·

72 1049 177 1087 entia
195 1057 234 1087 et
253 1050 394 1087 virtute
421 1049 713 1100 praestitissent,
746 1056 827 1086 tum
845 1049 1011 1086 maxime
1031 1050 1095 1087 illo
1114 1057 1211 1087 tem-

72 1123 165 1160 pore
191 1118 313 1147 totum
339 1123 434 1147 onus
453 1109 639 1147 sustinere
659 1122 735 1146 non
764 1110 1006 1155 recusabant,
1039 1122 1087 1146 ne
1108 1110 1212 1160 quod

70 1183 226 1208 suorum
246 1171 359 1221 culpa
377 1170 646 1208 detrimentum
667 1177 869 1220 acceptum
889 1170 1096 1208 videretur.
1148 1170 1210 1207 Ita

72 1231 258 1281 proelium
287 1230 602 1269 secundis-simum
622 1238 680 1268 est
705 1230 864 1268 factum.
919 1231 1043 1281 Capta
1061 1238 1119 1268 est
1137 1244 1213 1269 una

71 1291 237 1329 hostium
258 1291 520 1341 quadriremis,
540 1292 720 1342 depressa
735 1299 793 1329 est
812 1292 956 1334 altera:
973 1291 1112 1329 deinde
1132 1305 1212 1329 orn-

72 1352 182 1389 nibus
201 1352 362 1402 epibatis
381 1353 568 1390 nudatae:
588 1365 728 1403 magna
740 1359 939 1404 praeterea
954 1352 1158 1390 multitudo
1173 1353 1212 1390 in

71 1413 226 1463 reliquis
246 1413 402 1450 navibus
421 1421 748 1465 propugnatorum
767 1422 826 1451 est
841 1413 1056 1452 interfecta.
1098 1415 1212 1456 Quod

71 1474 143 1513 nisi
161 1487 239 1511 nox
255 1474 440 1524 proelium
455 1474 682 1520 diremisset,
701 1481 783 1511 tota
797 1474 917 1512 classe
931 1475 1097 1512 hostium
1114 1475 1211 1513 Cae-

70 1547 133 1572 sar
147 1535 291 1585 potitus
306 1541 417 1572 esset.
453 1535 541 1572 Hac
557 1534 773 1572 calamitate
792 1535 1004 1585 perterritis
1023 1535 1210 1582 hostibus,

71 1595 231 1633 adverso
250 1603 364 1632 vento
392 1595 529 1633 leniter
547 1595 679 1641 flante,
707 1607 821 1633 naves
846 1595 1037 1633 onerarias
1070 1596 1212 1634 Caesar

73 1656 240 1693 remulco
256 1655 474 1693 victricibus
489 1656 565 1693 suis
580 1655 738 1692 navibus
752 1655 1027 1692 Alexandriam
1042 1655 1211 1694 deducit.

125 1716 216 1753 XII.
269 1716 328 1753 Eo
348 1716 578 1754 detrimento
596 1716 693 1754 adeo
708 1722 795 1753 sunt
815 1716 927 1753 fracti
941 1715 1211 1763 Alexandrini,

73 1790 189 1827 quum
215 1778 294 1827 jam
313 1790 391 1815 non
420 1777 560 1814 virtute
587 1785 933 1828 propugnatorum,
961 1776 1029 1813 sed
1053 1777 1213 1816 scientia

73 1837 364 1883 classiariorum,
384 1851 424 1876 se
443 1838 564 1875 victos
583 1838 771 1882 viderent,
800 1841 823 1863 ἢ*
857 1841 880 1862 *²
910 1840 933 1863 ³*
962 1839 985 1862 ³*
1015 1837 1153 1887 quibus
1172 1847 1211 1875 et

72 1897 329 1948 superioribus
358 1899 452 1936 locis
471 1899 780 1943 sublevabantur,
810 1906 851 1935 ut
870 1911 919 1935 ex
939 1897 1122 1936 aedificiis
1146 1899 1212 1936 de-

72 1959 177 1996 fendi
195 1968 372 2009 possent:
391 1967 431 1996 et
445 1959 643 1998 materiam
663 1968 841 1997 cunctam
861 1959 1089 2009 objicerent,
1108 1960 1212 2010 quod

73 2027 225 2057 nostrae
244 2019 373 2056 classis
397 2019 723 2070 oppugnationem
742 2019 856 2056 etiam
877 2018 925 2056 ad
943 2026 1085 2056 terram
1104 2031 1210 2056 vere-

71 2081 222 2118 bantur.
267 2080 402 2127 Iidem,
430 2087 563 2130 postea
581 2093 694 2131 quam
713 2079 961 2130 Ganymedes
980 2080 1018 2117 in
1045 2080 1211 2117 concilio

71 2142 325 2188 confirmavit,
343 2154 427 2179 sese
445 2149 486 2179 et
504 2154 582 2187 eas,
602 2153 698 2191 quae
718 2149 845 2178 essent
863 2140 1036 2186 amissae,
1056 2141 1209 2178 restitu-

71 2211 213 2249 turum,
232 2211 272 2241 et
290 2215 492 2240 numerum
511 2203 777 2248 adaucturum,
805 2214 943 2252 magna
961 2214 1028 2252 spe
1048 2209 1088 2240 et
1114 2202 1212 2239 fidu-

73 2265 135 2302 cia
151 2272 300 2302 veteres
315 2264 473 2302 reficere
493 2276 620 2309 naves,
641 2263 933 2314 accuratiusque
953 2263 1042 2300 huic
1057 2263 1111 2300 rei
1130 2270 1212 2300 stu-

73 2323 164 2362 dere
178 2331 293 2375 atque
308 2325 505 2371 inservire,
519 2324 786 2361 instituerunt:
806 2336 866 2370 ac,
885 2324 1036 2362 tametsi
1052 2323 1211 2374 amplius

151 2385 259 2421 ToM.
287 2384 338 2421 ΙΙ.
635 2383 665 2420 Β
