1472 2664
410 378 457 418 C.
496 378 640 418 JULII
681 378 950 417 CAESARIS

149 512 1219 568 COMMENTARIORUM

391 663 480 702 DE
525 659 725 702 BELLO
771 663 835 703 CI
841 661 969 701 VILI.

558 918 723 955 LIBER
777 919 809 955 Ι.

152 1054 295 1092 XLVI.
346 1032 483 1090 HOC
512 1066 630 1104 quum
649 1061 749 1092 esset
768 1054 882 1092 modo
900 1063 1112 1105 pugnatum
1132 1055 1254 1093 conti-

109 1123 247 1153 nenter
265 1115 367 1152 horis
388 1126 427 1160 v,
460 1115 655 1164 nostrique
685 1115 836 1164 gravius
856 1128 878 1152 a
897 1115 1140 1153 multitudine
1167 1129 1254 1166 pre-

110 1184 327 1219 merentur-3
358 1175 565 1212 consumtis
581 1175 756 1212 omnibus
776 1175 875 1220 telis,
909 1176 1043 1225 gladiis
1063 1176 1257 1214 destrictis

113 1237 298 1302 impetum
328 1235 508 1272 adversus
526 1241 696 1271 montem
718 1235 754 1272 in
774 1235 952 1273 cohortes
971 1235 1131 1282 faciunt,
1163 1249 1257 1286 pau-

111 1295 243 1345 cisque
262 1295 423 1344 dnjeetis
443 1294 607 1344 reliquos
622 1307 705 1345 sese
720 1303 944 1333 convertere
960 1304 1117 1346 cogunt.
1160 1296 1257 1334 Sub-

109 1356 221 1393 motis
241 1356 310 1393 sub
326 1352 476 1397 muru'm
495 1353 730 1404 cohortffius,
749 1368 795 1393 ac
814 1355 996 1393 nonnulla
1016 1364 1124 1406 parte
1143 1370 1258 1407 prop-

110 1423 169 1453 ter
188 1424 373 1453 terrorem
393 1415 438 1451 in
450 1415 631 1465 oppidum
651 1405 871 1466 compulsis,
899 1415 1020 1453 facilis
1040 1422 1098 1454 est
1116 1416 1258 1453 nostris

110 1484 289 1526 receptus
318 1476 439 1513 datus.
466 1475 699 1525 E‘quitatus
729 1483 856 1516 autem
877 1483 1007 1513 noster
1026 1476 1073 1512 ab
1094 1485 1258 1526 utroque

110 1536 246 1582 latere,
279 1537 350 1574 etsi
368 1535 529 1585 dejectis
549 1540 686 1586 atque
693 1524 934 1575 inferioribus
961 1537 1055 1575 locis
1075 1537 1259 1574 constite-

111 1606 185 1643 rat,
218 1606 346 1634 tamen
365 1609 552 1633 summum
573 1595 609 1632 in
625 1598 767 1645 jugum
788 1597 927 1633 virtute
948 1597 1172 1642 connititur,
1201 1604 1259 1634 at-

111 1670 202 1708 que,
233 1657 332 1694 inter
351 1657 444 1694 duas
463 1656 565 1694 acics
591 1656 849 1706 perequitans,
882 1658 1183 1695 commodiorem
1213 1670 1259 1695 ae

113 1718 294 1755 tutiorem
324 1717 463 1755 nostris
494 1725 692 1766 receptum
713 1717 789 1754 dat.
843 1718 906 1754 lta
924 1718 1027 1755 vario
1047 1719 1260 1756 certamine

109 1785 323 1829 pugnatum
358 1785 428 1815 est.
484 1778 616 1814 Nostri
646 1778 683 1814 in
714 1778 836 1828 primo
866 1791 1075 1828 congressu
1105 1779 1260 1817 circiter

113 1849 195 1875 Lxx
215 1838 454 1884 ceciderunt,
475 1838 513 1874 in
533 1839 590 1876 his
612 1840 657 1880 Q.
678 1838 888 1888 Fulginius,
921 1852 970 1876 ex
990 1840 1113 1890 primo
1132 1840 1259 1877 hasta-

110 1905 152 1936 to
170 1899 332 1948 legionis
353 1911 441 1944 xlv,
474 1900 538 1949 qui
558 1908 715 1950 propter
734 1900 914 1937 eximiam
933 1900 1112 1937 virtutem
1134 1913 1183 1938 ex
1203 1901 1259 1937 in-

110 1957 315 1996 ferioribus
345 1959 543 1996 ordinibus
562 1959 599 1996 in
619 1972 706 1996 eum
725 1959 852 1996 locum
873 1966 1112 2009 pervenerat.
1166 1959 1261 1996 Vul-

109 2026 295 2057 nerantur
325 2019 487 2070 amplius
518 2031 584 2057 Dc.
640 2019 701 2056 Ex
733 2019 953 2057 Afranianis
980 2020 1262 2058 interficiuntur

109 2080 157 2117 Τ.
179 2079 384 2126 Caecilius,
413 2080 591 2132 primipili
610 2081 800 2127 centurio,
834 2088 873 2118 et
892 2088 1044 2131 praeter
1063 2094 1151 2119 cum
1170 2094 1260 2119 cen-

111 2140 284 2178 turiones
305 2153 366 2187 1v‚
404 2141 542 2178 milites
560 2142 723 2192 amplius
743 2154 803 2179 ce.

169 2201 335 2238 XLVII.
389 2201 468 2239 Sed
498 2203 594 2240 haec
613 2205 696 2252 ejus
716 2202 792 2240 diei
811 2202 1025 2255 praefertur
1044 2204 1187 2254 opinio,
1219 2212 1263 2242 ut

112 2274 154 2302 se
172 2255 327 2313 utrique
345 2262 561 2313 superiores
579 2262 795 2302 discessisse
825 2263 1110 2302 existimarent:
1148 2264 1260 2302 Afra—

198 2321 307 2361 ToM.
333 2321 386 2361 ΙΙ.
688 2324 727 2362 A
