1472 2664
235 251 284 287 38
541 246 617 284 DE
653 245 833 284 BELLO
873 245 1041 285 CIVILI

235 350 340 396 ratis,
360 362 408 388 ex
429 349 566 401 quibus
585 362 618 387 11
638 349 884 388 familiaribus
902 350 980 388 suis
998 349 1238 396 attribuerat,
1257 362 1372 389 unam

234 411 315 462 ipse
334 411 627 455 conscenderat,
647 417 782 448 nactus
801 410 992 448 turbidam
1012 417 1294 460 tempestatem,
1313 418 1373 448 est

231 472 439 523 profectus.
468 472 586 510 Hunc
606 472 851 522 conspicatae
870 484 997 516 naves,
1018 484 1129 522 quae,
1145 473 1254 521 jussu
1273 471 1371 509 Bru-

231 531 275 577 ti,
304 530 581 569 consuetudine
611 531 832 582 quotidiana
858 531 907 568 ad
935 539 1087 582 portum
1115 532 1372 578 excubabant,

233 592 392 629 sublatis
420 592 610 637 anchoris,
649 593 758 643 sequi
789 600 1011 643 coeperunt.
1065 592 1126 629 Ex
1160 592 1218 638 iis,
1255 605 1374 630 unum

234 653 351 703 ipsius
384 653 576 704 navigium
610 653 824 699 contendit,
862 661 902 691 et
930 653 1066 704 fugere
1099 653 1372 704 perseveravit,

232 714 452 764 auxilioque
472 714 710 765 tempestatis
729 727 778 752 ex
799 722 1011 766 conspectu
1031 715 1146 758 abiit3
1175 714 1265 759 duo,
1287 726 1373 764 per·

232 776 365 812 territa
393 787 584 812 concursu
611 782 824 813 nostrarum
855 775 1022 821 navium,
1051 787 1134 812 sese
1155 775 1191 811 in
1219 782 1373 825 portum

231 842 473 885 receperunt.
528 834 786 873 Massilienses
819 848 923 873 arma
952 843 1218 886 tormentaque
1238 848 1287 872 ex
1306 848 1374 886 op·

230 896 334 947 pido,
362 904 404 933 ut
423 903 484 933 est
510 896 751 946 imperatum,
783 896 1008 947 proferunt:
1046 909 1161 934 naves
1180 909 1229 934 ex
1256 904 1371 947 portu

230 957 504 1008 navalibusque
524 957 714 994 educunt:
746 957 947 1008 pecuniam
964 970 1012 994 ex
1028 957 1184 1008 publico
1204 958 1372 995 tradunt.

231 1018 378 1061 Quibus
394 1020 507 1055 rebus
527 1018 728 1064 confectis,
748 1019 903 1064 Caesar,
922 1018 1042 1068 magis
1057 1030 1122 1055 eos
1135 1031 1204 1069 pro
1219 1019 1373 1056 nomine

230 1088 269 1116 et
289 1086 493 1124 vetustate,
514 1092 627 1129 quam
648 1092 718 1129 pro
737 1079 882 1116 meritis
901 1079 938 1116 in
957 1092 999 1116 se
1018 1078 1197 1124 civitatis,
1218 1090 1371 1116 conser-

228 1152 333 1184 vans,
367 1154 395 1176 ιι
419 1139 470 1176 ibi
500 1139 672 1189 legiones
700 1139 890 1190 praesidio
923 1139 1130 1190 relinquit;
1162 1146 1309 1176 ceteras
1331 1139 1370 1176 in

228 1199 379 1238 Italiam
399 1201 537 1238 mittit:
567 1200 647 1251 ipse
666 1200 715 1237 ad
734 1200 868 1238 urbem
887 1200 1155 1251 proficiscitur.

280 1261 430 1298 XXIII.
485 1260 626 1297 lisdem
654 1261 888 1312 temporibus
908 1260 953 1299 C.
974 1260 1105 1305 Curio,
1133 1260 1172 1297 in
1197 1260 1370 1298 Africam

231 1316 440 1373 profectus,
468 1335 517 1359 ex
540 1321 681 1366 Sicilia,
709 1330 748 1359 et
763 1323 842 1371 jam
862 1322 909 1360 ab
930 1321 1037 1358 initio
1057 1321 1186 1372 copias
1207 1320 1250 1358 P.
1271 1320 1373 1358 Attii

230 1383 320 1420 Vari
339 1382 570 1433 despiciens,
593 1395 622 1418 ιι
644 1381 815 1431 legiones
834 1395 883 1419 ex
905 1394 958 1427 ιν,
978 1394 1072 1432 quas
1086 1394 1109 1418 a
1123 1381 1287 1419 Caesare
1307 1393 1370 1419 ac-

229 1451 400 1494 ceperat,
421 1452 459 1481 et
477 1456 502 1479 D
523 1444 672 1494 equites
689 1443 992 1494 transportabat:
1012 1442 1207 1492 biduoque
1222 1450 1261 1480 et
1280 1454 1372 1479 noc-

229 1506 331 1542 tibus
347 1517 396 1541 111
412 1504 653 1554 navigatione
670 1504 878 1542 consumtis
893 1503 1049 1554 appellit
1064 1503 1113 1540 ad
1128 1516 1214 1540 eum
1227 1503 1371 1548 locum,

228 1566 293 1617 qui
325 1565 536 1616 appellatur
560 1565 769 1615 Aquilaria.
824 1565 902 1602 Hic
921 1565 1027 1603 locus
1046 1565 1154 1602 abest
1173 1577 1196 1601 a
1215 1564 1372 1614 Clupeis

227 1638 405 1676 passuum
427 1637 513 1662 xxu
535 1626 665 1670 millia,
687 1625 883 1676 habetque
896 1639 973 1663 non
993 1626 1273 1663 incommodam
1288 1638 1372 1663 aes-

229 1693 308 1725 tate
328 1687 546 1732 stationem,
575 1694 614 1723 et
637 1687 786 1724 duobus
814 1687 1070 1725 eminentibus
1096 1686 1367 1738 promontoriis

227 1747 459 1786 continetur.
514 1747 641 1798 Hujus
661 1747 867 1785 adventum
886 1748 932 1785 L.
953 1749 1093 1786 Caesar
1112 1748 1210 1785 silius
1231 1761 1318 1786 cum
1337 1761 1365 1785 x

225 1807 350 1858 longis
369 1809 526 1845 navibus
554 1808 603 1845 ad
633 1808 821 1859 Clupeum
851 1809 1101 1859 praestolans,
1129 1821 1223 1860 quas
1252 1821 1368 1846 naves

228 1868 382 1914 Uticae,
403 1882 450 1906 ex
471 1868 706 1919 praedonum
726 1869 827 1907 bello
847 1869 1068 1916 subductas,
1096 1870 1139 1906 P.
1161 1870 1291 1908 Attius
1310 1883 1369 1908 re-

227 1929 409 1967 ficiendas
428 1930 540 1979 hujus
561 1930 649 1967 belli
669 1943 803 1967 caussa
822 1938 1034 1976 curaverat,
1062 1930 1281 1982 veritusque
1301 1944 1369 1969 na-

226 1990 326 2026 vium
348 1990 632 2028 multitudinem
654 2004 702 2027 ex
723 1991 800 2028 alto
820 1991 1038 2041 refugerat;
1065 1992 1300 2043 appulsaque
1319 1993 1369 2030 ad

225 2051 441 2100 proximum
463 2051 569 2088 littus
599 2051 752 2089 trireme
784 2059 990 2097 constrata,
1018 2059 1058 2089 et
1085 2053 1123 2089 in
1152 2052 1280 2090 littore
1310 2066 1369 2090 re·

226 2112 329 2156 licta,
357 2112 517 2161 pedibus
539 2112 1050 2163 Adrumetum-profugerat.
1104 2113 1151 2151 Id
1186 2114 1368 2164 oppidum

226 2172 271 2209 C.
295 2171 498 2208 Considius
526 2171 684 2222 Longus
703 2173 815 2210 unius
842 2173 1003 2224 legionis
1022 2174 1211 2224 praesidio
1236 2175 1368 2211 tueba-

227 2242 300 2268 tur.
354 2231 541 2282 Reliquae
561 2233 736 2271 Caesaris
765 2246 878 2271 navcs
898 2235 979 2284 ejus
997 2234 1089 2284 fuga
1109 2234 1365 2273 Adrumetum

227 2305 267 2329 se
287 2300 528 2342 receperunt.
584 2293 700 2332 Hanc
733 2303 917 2346 sequutus
948 2294 1003 2332 M.
1037 2295 1160 2333 Rufus
1190 2303 1373 2348 quaestor*
