1472 2664
279 301 354 339 DE
382 301 559 340 BELLO
589 301 764 341 AFRIC.
790 302 966 340 LIBER.
1123 303 1194 340 187

63 411 409 456 transportaretur:
441 405 615 445 Africam
641 406 876 457 provinciam
903 405 1040 456 perire,
1070 402 1197 441 fundi-

60 473 199 515 tusque
219 466 339 504 everti
357 467 405 504 ab
426 467 503 504 suis
521 466 706 504 inimicis:
735 466 837 517 quod
856 466 928 502 nisi
943 464 1118 502 celeriter
1135 477 1196 501 so-

59 525 127 562 ciis
144 525 244 562 foret
267 527 509 572 subventum,
537 534 690 577 praeter
715 526 835 577 ipsam
860 525 1032 562 Africam
1056 532 1196 561 terram

58 585 166 631 nihil,
184 598 233 623 ne
248 593 392 624 tectum
406 587 574 638 quidem,
594 600 669 638 quo
684 600 724 625 se
737 587 965 637 reciperent,
984 585 1031 623 ab
1046 584 1196 620 illorum

59 646 204 684 scelere
224 646 443 698 insidiisque
462 648 649 698 reliquum
666 647 848 685 futurum.
902 647 1033 696 Atque
1058 645 1139 694 ipse
1158 644 1197 680 in

58 713 165 744 tanta
193 714 277 744 erat
308 707 552 745 festinatione
579 714 618 745 et
644 707 946 758 exspectatione,
974 714 1017 743 ut
1043 711 1198 755 postero

59 767 137 812 die,
168 780 282 818 quam
307 767 471 805 misisset
500 768 628 806 literas
659 768 919 818 nunciumque
948 767 986 803 in
1016 765 1198 810 Siciliam,

60 827 219 865 classem
239 829 528 880 exercitumque
546 829 686 867 morari
705 828 865 873 diceret,
889 828 970 865 dies
989 833 1199 876 noctesque

60 889 192 926 oculos
206 897 453 940 mentemque
472 890 520 928 ad
535 902 638 927 mare
656 889 859 940 dispositos
873 888 1117 937 directosque
1132 886 1198 923 ha-

57 948 180 986 beret.
226 949 310 987 Nec
330 950 489 987 mirum:
517 950 844 987 animadvertebat
862 949 962 987 enim
981 948 1086 985 villas
1105 960 1199 984 exu-

56 1009 103 1054 ri,
122 1021 233 1059 agros
250 1010 403 1056 vastari,
422 1024 540 1061 pecus
554 1010 679 1062 diripi,
693 1010 890 1056 trucidari,
909 1010 1050 1060 oppida
1064 1009 1200 1047 castel-

61 1069 175 1120 laque
194 1070 293 1107 dirui
310 1071 525 1121 deserique,
543 1071 736 1122 principes
755 1071 951 1108 civitatum
970 1079 1037 1107 aut
1055 1069 1200 1107 interfi-

58 1128 112 1174 ci,
144 1136 212 1166 aut
230 1130 268 1166 in
288 1130 433 1168 catenis
452 1130 587 1176 teneri,
619 1130 759 1167 liberos
787 1142 919 1166 eorum
939 1127 1113 1165 obsidum
1132 1140 1200 1164 no-

56 1189 160 1226 mine
179 1190 218 1227 in
236 1190 459 1228 servitutem
478 1191 621 1241 abripi:
641 1190 686 1227 iis
705 1203 745 1227 se
765 1190 804 1226 in
823 1189 996 1234 miseriis,
1016 1201 1199 1239 suamque

58 1249 174 1287 tidem
193 1251 495 1301 implorantibus,
516 1251 660 1289 auxilio
679 1258 837 1301 propter
855 1250 1052 1301 copiarum
1069 1249 1199 1301 pauci-

59 1317 177 1349 tatem
196 1323 280 1349 esse
300 1325 375 1350 non
395 1325 518 1363 posse.
561 1312 710 1350 Milites
729 1311 880 1349 interim
896 1311 933 1347 in
953 1323 1068 1361 opere
1088 1323 1199 1348 exer-

60 1383 163 1417 cere,
183 1379 307 1410 castra
320 1373 483 1419 munire,
502 1381 641 1419 turres,
662 1372 818 1410 castella
836 1371 978 1417 facere,
1005 1370 1200 1421 molesque

54 1431 187 1479 jacere
206 1431 245 1469 in
264 1445 367 1470 mare
386 1446 463 1470 non
482 1433 746 1471 intermittere.

111 1491 280 1530 XXVII.
335 1493 464 1545 Scipio
479 1494 629 1532 interim
644 1494 866 1544 elephantos
885 1494 960 1532 hoc
974 1493 1088 1531 modo
1108 1505 1199 1530 con-

58 1553 289 1592 docefacere
316 1555 492 1592 instituit.
538 1567 571 1592 11
592 1555 773 1592 instruxit
790 1554 913 1598 acies;
942 1567 1055 1592 unam
1075 1554 1199 1591 fundi-

56 1622 184 1651 torum
213 1623 348 1652 contra
365 1615 604 1666 elephantos,
636 1628 734 1667 quae
763 1615 869 1666 quasi
897 1615 1199 1653 adversariorum

57 1674 185 1713 locum
205 1676 413 1722 obtineret,
441 1683 481 1713 et
499 1683 634 1714 contra
651 1689 784 1714 eorum
810 1675 976 1713 frontem
1003 1676 1200 1714 adversam

56 1734 207 1785 lapillos
222 1735 389 1773 minutos
407 1736 600 1774 mitteret:
621 1736 758 1774 deinde
778 1736 816 1773 in
832 1736 1004 1775 ordinem
1018 1736 1200 1787 elephan-

58 1802 118 1832 tos
132 1796 332 1833 constituit
347 1810 357 1833 ε
385 1803 472 1847 post
488 1796 573 1834 illos
592 1804 720 1834 autem
738 1809 846 1834 suam
864 1796 985 1834 aciem
1004 1796 1201 1841 instruxit,

58 1863 114 1902 ut,
146 1869 264 1907 quum
283 1857 330 1894 ab
349 1856 573 1894 adversariis
600 1856 746 1907 lapides
771 1857 871 1894 mitti
899 1856 1129 1906 coepissent,
1162 1864 1202 1893 et

61 1916 255 1968 elephanti
275 1917 467 1969 perterriti
487 1930 527 1955 se
542 1918 591 1955 ad
608 1930 697 1955 suos
717 1916 1011 1964 convertissent,
1030 1930 1160 1955 rursus
1178 1930 1202 1954 a

56 1989 121 2015 sua
151 1977 233 2015 acie
261 1978 450 2029 lapidibus
477 1978 599 2016 missis
627 1991 691 2016 eos
720 1985 989 2017 converterent
1018 1978 1200 2015 adversus

57 2038 207 2075 hostem
224 2053 234 2082 ;
263 2039 367 2089 quod
384 2051 498 2089 aegre
517 2039 703 2090 tardeque
717 2039 854 2077 fiebat:
873 2038 987 2077 rudes
1005 2039 1107 2076 enim
1122 2039 1199 2076 ele-

58 2098 207 2148 phanti,
239 2099 445 2137 multorum
470 2112 655 2137 annorum
674 2099 850 2137 doctrina
877 2112 1022 2150 usuque
1050 2107 1201 2138 vetusto

56 2157 122 2195 vix
141 2158 283 2207 edocti,
311 2167 439 2197 tamen
457 2159 652 2198 communi
670 2160 841 2211 perIculo
860 2160 899 2198 in
917 2160 1040 2199 aciem
1058 2160 1199 2211 produ-

58 2224 211 2255 cuntur.

109 2277 297 2316 XXVIII.
342 2280 447 2317 Dum
461 2281 558 2320 haec
576 2282 625 2320 ad
645 2282 856 2333 Ruspinam
874 2282 921 2320 ab
941 2281 1110 2332 utrisque
1129 2281 1199 2318 du-

60 2337 167 2376 cibus
196 2339 524 2387 administrantur,
561 2343 605 2381 C.
638 2343 835 2395 Virgilius,
870 2343 1097 2395 praetoriuS,
1133 2343 1197 2393 qui
