1472 2664
191 277 264 317 140
623 275 674 312 A.
714 274 890 313 HIRTII

190 389 261 414 rex
287 377 542 427 cognovisset,
573 384 613 414 et
645 378 917 416 transeundum
951 376 987 414 ei
1019 377 1160 414 flumen
1194 376 1331 420 sciret;

188 450 348 489 magnas
365 438 546 476 adversus
564 450 651 476 eum
678 439 808 489 copias
834 438 949 484 misit,
977 438 1113 488 quibus
1139 437 1199 474 vel
1219 449 1331 486 supe-

188 500 265 537 rari
283 499 478 550 delerique
509 498 779 544 Mithridaten,
810 498 870 536 vel
898 498 979 535 sine
1009 498 1127 536 dubio
1158 497 1329 542 retineri,

189 572 303 611 posse
322 560 515 597 credebat.
565 559 899 602 Quemadmodum
919 567 1046 596 autem
1067 558 1223 609 optabat
1243 570 1330 595 eum

191 621 306 667 vinci,
338 621 394 658 sic
421 621 511 658 satis
528 620 709 666 habebat,
737 620 985 658 interclusum
1007 632 1029 657 a
1059 619 1223 656 Caesare
1253 630 1276 654 a
1294 629 1334 654 se

192 682 362 719 retineri.
415 682 524 723 Quae
541 681 688 732 primae
707 680 841 731 copiae
860 680 1000 717 flumen
1022 692 1044 716 a
1062 678 1180 716 Delta
1201 677 1336 714 transi-

192 753 248 787 re,
260 750 301 778 et
317 741 533 779 Mithridati
548 753 766 787 occurrere,
780 748 1002 792 potuerunt,
1023 740 1208 791 proelium
1231 752 1334 777 com·

191 802 392 848 miserunt,
406 802 631 840 festinantes
646 801 864 852 praeripere
879 801 1200 852 subsequentibus
1215 800 1336 837 victo-

194 864 273 901 riae
292 864 542 905 societatem;
570 876 732 913 quorum
751 862 935 912 impetum
966 862 1211 899 Mithridates
1233 873 1337 911 mag·

193 936 244 961 na
262 936 350 961 cum
368 922 587 974 prudentia,
620 922 898 960 consuetudine
922 931 1052 960 nostra
1071 922 1203 960 castris
1222 921 1337 959 valla-

195 985 257 1030 tis,
273 984 475 1022 sustinuit:
495 997 612 1034 quum
626 996 717 1020 vero
733 983 886 1021 incaute
901 991 1016 1034 atque
1029 983 1237 1021 insolenter
1254 995 1339 1021 suc-

196 1044 334 1082 cedere
362 1055 428 1081 eos
456 1043 733 1080 munitionibus
750 1042 913 1089 videret,
942 1044 1143 1093 eruptione
1171 1043 1342 1094 undique

197 1106 314 1151 sacta,
333 1116 514 1155 magnum
533 1116 734 1141 numerum
750 1116 881 1141 eorum
901 1103 1105 1142 interfecit.
1158 1104 1274 1146 Quod
1287 1104 1343 1141 ni·

199 1167 229 1202 si
248 1166 421 1203 locorum
451 1165 588 1202 notitia
614 1163 749 1214 reliqui
778 1177 819 1201 se
838 1164 1039 1209 texissent,
1070 1165 1284 1215 partimque
1304 1165 1342 1201 in

198 1239 329 1272 naves,
356 1226 494 1276 quibus
513 1225 656 1262 flumen
675 1224 919 1269 transierant,
946 1224 1198 1275 recepissent,
1217 1225 1343 1262 fundi-

202 1294 262 1323 tus
281 1285 398 1323 deleti
417 1292 568 1323 essent:
602 1284 667 1335 qui
686 1290 730 1321 ut
759 1284 968 1336 paullulum
989 1285 1035 1321 ab
1056 1285 1120 1321 illo
1141 1284 1275 1322 timore
1305 1296 1345 1320 se

202 1347 438 1392 recrearunt,
467 1345 659 1395 adjunctis
678 1344 736 1390 iis,
765 1346 830 1396 qui
849 1346 1193 1396 subsequebantur,
1218 1358 1347 1382 rursus

203 1419 428 1458 oppugnare
448 1405 705 1443 Mithridaten
725 1413 951 1456 coeperunt.

257 1466 447 1504 XXVIII.
502 1466 675 1503 Mittitur
694 1479 716 1503 a
735 1465 964 1503 Mithridate
991 1466 1153 1503 nuncius
1182 1466 1350 1512 Caesari,

203 1527 270 1578 qui
289 1539 370 1563 rem
390 1533 537 1577 gestam
557 1525 760 1576 perferret.
813 1526 1025 1577 Cognoscit
1051 1540 1099 1564 ex
1120 1526 1196 1564 suis
1216 1526 1350 1564 eadem

203 1588 302 1625 haec
323 1587 509 1624 accidisse
524 1599 607 1624 rex.
642 1586 703 1624 Ita
721 1599 843 1638 paene
862 1587 931 1624 sub
947 1587 1046 1624 idem
1062 1594 1212 1638 tempus
1227 1594 1266 1624 et
1281 1600 1349 1625 rex

205 1648 254 1686 ad
275 1647 568 1698 opprimendum
586 1646 841 1685 Mithridaten
862 1647 1131 1698 proficiscitur,
1152 1656 1191 1684 et
1211 1647 1352 1685 Caesar

207 1708 257 1746 ad
275 1707 552 1758 recipiendum.
602 1708 806 1746 vCeleriore
825 1709 992 1745 fluminis
1012 1709 1089 1745 Nili
1111 1709 1354 1759 navigatione

207 1781 277 1806 rex
298 1775 355 1805 est
374 1780 478 1813 usus,
498 1768 535 1804 in
557 1780 632 1818 qua
651 1780 827 1817 magnam
858 1776 896 1805 et
915 1775 1084 1818 paratam
1107 1769 1265 1805 classem
1287 1769 1355 1805 ha-

209 1829 338 1866 bebat.
376 1829 518 1865 Caesar
537 1828 671 1865 eodem
693 1827 827 1865 itinere
844 1828 899 1865 uti
916 1828 1050 1873 noluit,
1071 1842 1119 1866 ne
1135 1829 1293 1866 navibus
1314 1829 1350 1866 in

213 1889 370 1926 flumine
389 1888 613 1932 dimicaret;
640 1888 723 1934 sed,
743 1889 1027 1926 circumvectus
1046 1903 1092 1927 eo
1113 1890 1221 1934 mari,
1250 1890 1353 1940 quod

212 1949 373 1986 Africae
392 1949 510 1999 partis
529 1962 613 1986 esse
632 1949 787 1994 dicitur,
815 1950 926 1986 sicuti
947 1962 1060 2000 supra
1079 1950 1354 1988 demonstravi-

212 2023 310 2055 muS,
329 2010 433 2059 prius
451 2018 578 2046 tamen
600 2010 701 2060 regis
720 2010 840 2060 copiis
855 2010 1038 2055 occurrit,
1058 2024 1170 2061 quam
1188 2011 1218 2047 is
1234 2010 1355 2047 Mith-

212 2070 362 2107 ridaten
382 2069 539 2118 aggredi
561 2076 703 2120 posset,
732 2082 898 2119 eumque
917 2070 965 2106 ad
985 2082 1024 2107 se
1046 2070 1229 2108 victorem
1252 2070 1356 2107 inco-

214 2130 307 2167 lumi
336 2130 510 2167 exercitu
542 2130 700 2180 recepit.
754 2130 993 2167 Consederat
1022 2144 1108 2167 cum
1139 2130 1259 2181 copiis
1287 2144 1354 2167 rex

214 2191 302 2228 loco
321 2197 458 2227 natura
476 2190 636 2235 munito,
657 2190 760 2240 quod
779 2197 859 2227 erat
877 2190 956 2240 ipse
975 2191 1178 2238 excelsior,
1199 2190 1356 2241 planitie

215 2266 266 2290 ex
286 2251 462 2290 omnibus
481 2251 652 2301 partibus
671 2251 857 2301 subjecta,
878 2251 998 2288 tribus
1017 2259 1144 2289 autem
1162 2264 1209 2288 ex
1231 2251 1356 2288 lateri—

218 2314 288 2351 bus
304 2313 414 2351 variis
433 2325 576 2363 genere
596 2311 870 2349 munitionibus
891 2312 1104 2362 tegebatur.
1159 2312 1288 2349 Unum
1306 2311 1356 2349 la·
