1472 2664
318 281 392 319 DE
420 281 597 319 BELLO
625 282 763 320 HISP.
789 281 965 319 LIBER.
1137 285 1209 321 253

79 396 160 430 nes,
185 396 282 434 quae
301 397 351 421 ex
369 385 538 436 perfugis
557 385 819 435 conscriptae:
846 385 982 435 partim
1003 383 1210 433 oppidano-

73 458 162 482 rum
191 445 302 491 servi,
334 446 399 496 qui
427 453 534 483 erant
563 458 586 482 a
620 446 737 483 Sexto
767 445 949 494 Pompeio
981 443 1212 490 manumissi,

77 511 170 541 tunc
199 504 237 540 in
274 505 446 542 Caesaris
481 505 685 542 adventum
722 505 955 542 descendere
988 511 1210 554 coeperunt.

76 563 200 613 Legio
227 577 308 601 xm
339 565 518 616 oppidum
547 565 752 603 defendere
781 565 931 615 coepit:
963 578 1063 610 nam,
1096 578 1212 615 quum

73 624 152 672 jam
179 632 450 674 repugnarent,
480 632 604 661 turres
624 637 672 661 ex
692 632 800 674 parte
820 633 858 661 et
876 638 1025 661 murum
1047 637 1212 674 occupa-

77 690 178 720 runt.
215 683 355 721 Denuo
373 685 518 734 legatos
540 685 587 721 ad
601 685 801 722 Caesarem
822 684 991 730 mittunt,
1011 692 1053 722 ut
1071 684 1141 721 sibi
1158 684 1212 721 le-

77 741 209 792 giones
227 743 394 780 subsidio
415 744 697 782 intromitteret.
736 744 824 781 Hoc
844 758 958 795 quum
978 744 1214 781 animadver-

78 809 205 839 terent
231 803 404 840 homines
435 803 597 853 fugitivi,
626 804 805 854 oppidum
839 804 1042 841 incendere
1074 816 1211 854 coepe-

76 870 187 899 runt:
220 864 298 914 qui,
329 865 498 914 superati
525 877 547 901 a
564 865 718 909 nostris,
748 872 834 901 sunt
854 864 1059 910 interfecti,
1092 864 1212 901 homi·

75 938 166 962 num
185 926 301 962 millia
315 937 420 970 xx11,
440 933 701 976 praeterquam
717 934 827 963 extra
843 939 990 963 murum
1012 926 1075 976 qui
1090 926 1213 976 perie-

75 992 176 1022 runt.
220 985 280 1022 Ita
296 986 435 1023 Caesar
450 987 590 1036 oppido
609 987 765 1036 potitus.
802 987 906 1023 Dum
926 986 988 1024 hic
1007 986 1212 1031 detinetur,

78 1059 127 1083 ex
145 1045 290 1095 proelio
311 1059 404 1096 quos
420 1046 731 1084 circummunitos
751 1047 924 1097 superius
943 1046 1215 1083 demonstravi-

76 1119 173 1152 mus,
202 1106 439 1156 eruptionem
464 1106 665 1149 fecerunt3
694 1114 746 1152 et,
772 1108 870 1144 bene
890 1107 1016 1144 multis
1035 1106 1214 1143 interfec-

79 1168 138 1213 tis,
159 1168 196 1203 in
216 1167 396 1217 oppidum
416 1174 504 1203 sunt
522 1168 680 1204 redacti.

127 1226 290 1264 XXXV.
327 1226 467 1263 Caesar
482 1226 669 1276 Hispalim
686 1240 800 1277 quum
817 1227 1090 1272 contendisset,
1109 1227 1214 1277 lega-

76 1287 105 1324 ti
124 1287 371 1337 deprecatum
389 1294 587 1323 venerunt.
625 1287 684 1324 Ita
699 1301 814 1337 quum
830 1288 1010 1338 oppidum
1031 1299 1112 1325 sese
1131 1294 1215 1324 tue-

75 1348 107 1385 ri
126 1347 298 1393 dixisset,
319 1348 519 1385 Caninium
535 1349 700 1397 legatum
717 1362 803 1386 cum
823 1348 1011 1398 praesidio
1027 1348 1214 1385 intromit-

77 1408 148 1445 tit:
176 1408 256 1458 ipse
277 1415 400 1445 castra
419 1409 467 1445 ad
495 1408 676 1458 oppidum
707 1410 826 1459 ponit.
881 1409 973 1446 Erat
991 1410 1089 1446 bene
1109 1422 1216 1459 mag-

75 1483 166 1507 num
186 1468 285 1505 intra
305 1468 619 1518 Pompeianarum
646 1469 809 1519 partium
840 1469 1083 1518 praesidium,
1113 1470 1217 1519 quod

71 1529 248 1566 Caesaris
262 1528 488 1579 praesidium
503 1535 698 1578 receptum
714 1528 974 1579 indignaretur
986 1529 1082 1566 clam
1097 1542 1216 1579 quen·

76 1589 163 1626 dam
179 1589 392 1634 Philonem,
407 1588 525 1633 illum,
542 1589 605 1639 qui
621 1589 935 1639 Pompeianarum
950 1590 1110 1640 partium
1125 1589 1216 1626 fuis-

74 1656 134 1687 set
149 1649 325 1686 defensor
339 1649 556 1686 acerrimus.
585 1650 614 1686 is
633 1657 714 1686 tota
728 1648 925 1687 Lusitania
940 1649 1155 1687 notissimus
1175 1662 1215 1686 e·-

73 1717 143 1748 rat.
201 1710 281 1747 Hic
303 1710 399 1747 clam
419 1709 608 1760 praesidia
626 1710 862 1747 Lusitaniam
881 1710 1149 1760 proficiscitur,
1177 1718 1217 1747 et

77 1771 288 1809 Caecilium
323 1770 499 1820 Nigrum,
530 1770 682 1807 nomine
712 1770 937 1815 Barbarum,
975 1771 1022 1808 ad
1051 1770 1215 1808 Lenium

77 1831 283 1874 convenit;
302 1831 366 1881 qui
385 1831 483 1867 bene
499 1843 675 1880 magnam
694 1843 845 1868 manum
861 1829 1130 1867 Lusitanorum
1149 1831 1217 1868 ha-

76 1892 198 1928 beret.
243 1891 388 1928 Rursus
406 1891 445 1927 in
465 1891 652 1940 Hispalim
673 1891 854 1941 oppidum
871 1890 996 1927 denuo
1016 1899 1133 1928 noctu
1149 1904 1217 1941 per

77 1964 225 1988 murum
242 1951 441 2000 recipitur:
461 1951 689 2000 praesidium
705 1951 1113 2001 vigilesqueJugulant,
1130 1964 1217 2002 por-

77 2019 135 2049 tas
155 2012 421 2061 praecludunt,
443 2011 490 2048 de
510 2011 659 2061 integro
679 2023 847 2061 pugnare
868 2018 1090 2061 coeperunt.

129 2071 314 2108 XXXVI.
367 2071 471 2107 Dum
491 2071 586 2108 haec
607 2079 805 2121 geruntur,
840 2071 957 2121 legati
979 2071 1218 2109 Carteienses

76 2132 366 2177 renuncffirrunt,
395 2131 497 2181 quod
524 2131 744 2182 Pompeium
776 2132 812 2168 in
843 2138 1071 2182 potestatem
1102 2131 1217 2169 habe-

78 2199 174 2229 rent.
229 2192 343 2234 Quod
371 2199 458 2228 ante
488 2191 642 2229 Caesari
669 2199 797 2243 portas
821 2191 1125 2242 praeclusissem,
1155 2192 1218 2229 illo

78 2252 267 2290 beneficio
286 2243 395 2289 suum
415 2252 641 2289 maleficium
661 2253 930 2290 existimabant
959 2265 998 2289 se
1018 2251 1218 2289 lucriface-

74 2325 134 2359 re.
187 2312 361 2350 Lusitani
380 2311 530 2362 Hispali
548 2325 717 2363 pugnare
747 2313 850 2351 nullo
870 2320 1039 2364 tempore
1058 2311 1216 2349 desiste-
