1472 2664
323 294 398 332 DE
428 293 605 331 BELLO
636 293 798 332 ALEX.
824 295 1002 333 LIBER.
1160 297 1230 336 1427

87 406 167 435 tere
179 397 228 435 ad
241 397 468 443 Domitium,
478 411 593 448 quum
606 397 680 435 hoc
693 397 775 448 ipso
789 398 966 436 crederet
978 397 1125 435 facilins
1139 409 1227 436 eum

85 458 210 508 decipi
225 470 348 508 posse.
386 459 455 503 At,
471 466 619 504 contra,
634 470 720 509 spes
731 459 837 509 pacis
853 457 1023 496 Domitio
1039 459 1077 495 in
1091 458 1226 495 iisdem

83 519 217 556 castris
232 519 402 556 morandi
417 519 545 556 attulit
561 531 746 556 caussam.
783 519 843 557 Ita
860 519 1090 564 Pharnaces,
1111 518 1223 556 amis-

82 591 123 616 sa
142 579 306 629 proximi
325 579 506 629 temporis
526 580 742 625 occasione,
764 580 918 625 veritus,
938 592 986 617 ne
1013 591 1223 630 cognosce-

83 648 215 677 rentur
240 640 412 685 insidiae,
443 653 530 677 suos
559 640 597 676 in
617 648 742 678 castra
770 641 976 678 revocavit.
1031 640 1224 678 Domitius

81 709 236 753 postero
256 702 317 738 die
337 701 491 751 propius
508 701 726 751 Nicopolim
743 702 918 747 accessit,
938 709 1138 753 castraque
1158 715 1227 752 op-

81 763 172 814 pido
192 763 367 801 contulit.
421 764 529 804 Quae
550 762 639 799 dum
656 762 833 799 muniunt
853 762 986 808 nostri,
1008 762 1225 800 Pharnaces

81 825 204 862 aciem
224 823 405 861 instruxit
423 837 492 860 suo
512 836 618 861 more
646 831 760 873 atque
781 824 968 860 instituto.
1022 823 1066 859 ln
1097 823 1224 860 fronte

81 885 182 922 enim
211 885 370 936 simplici
392 885 540 922 directa
558 884 653 930 acie,
685 897 830 922 cornua
849 885 956 921 trinis
976 885 1225 921 firmabantur

83 945 272 983 subsidiis.
327 945 472 982 Eadem
494 945 641 982 ratione
661 946 756 982 haec
782 946 908 983 media
936 944 1224 983 collocabantur

80 1006 177 1052 acie,
209 1006 360 1043 duobus
379 1006 516 1043 dextra
535 1005 764 1056 sinistraque
792 1006 1014 1051 intervallis,
1046 1005 1225 1057 simplici-

80 1068 150 1105 bus
163 1067 357 1105 ordinibus
374 1067 582 1104 instructis.
611 1066 780 1104 Perfecit
796 1067 993 1118 inceptum
1009 1075 1221 1105 castrorum

81 1142 176 1180 opus
195 1128 403 1174 Domitius,
431 1136 540 1178 parte
559 1128 754 1179 copiarum
774 1140 844 1179 pro
864 1129 961 1166 vallo
982 1129 1171 1166 instituta.

132 1188 359 1227 XXXVIII.
413 1188 595 1226 Proxima
614 1197 728 1226 nocte
745 1189 978 1236 Pharnaces,
999 1190 1222 1240 interceptis

80 1250 298 1296 tabellariis,
332 1250 396 1301 qui
416 1251 464 1288 de
489 1250 764 1289 Alexandrinis
783 1252 897 1288 rebus
917 1251 1045 1288 literas
1064 1251 1112 1288 ad
1142 1250 1223 1288 Do-

78 1311 226 1349 mitium
245 1311 434 1357 ferebant,
460 1312 662 1362 cognoscit
681 1312 885 1349 Caesarem
906 1324 1044 1362 magno
1065 1312 1102 1348 in
1122 1312 1222 1362 peri-

78 1373 167 1410 culo
185 1372 338 1418 versari,
358 1372 601 1423 flagitarique
622 1385 644 1409 a
659 1372 846 1417 Domitio,
867 1380 909 1410 ut
925 1385 1037 1423 quam
1058 1372 1222 1422 primum

79 1435 150 1472 sibi
168 1435 335 1472 subsidia
353 1434 538 1479 mitteret,
570 1434 802 1484 propiusque
834 1434 914 1484 ipse
945 1433 1223 1471 Alexandriam

77 1507 147 1545 per
161 1494 308 1545 Syriam
324 1494 539 1533 accederet.
568 1495 653 1536 Qua
669 1494 825 1544 cognita
839 1506 893 1539 re,
913 1493 1130 1531 Pharnaces
1143 1494 1220 1532 vic-

78 1555 198 1593 toriae
217 1555 301 1593 loco
321 1555 501 1601 ducebat,
531 1555 561 1592 si
582 1555 733 1593 trahere
759 1562 910 1604 tempus
930 1561 1073 1605 posset,
1104 1567 1222 1605 quum

79 1616 354 1654 discedendum
384 1616 558 1654 Domitio
590 1616 766 1654 celeriter
791 1623 956 1666 putaret.
1010 1615 1146 1666 Itaque
1174 1616 1222 1653 ab

79 1677 234 1728 oppidO,
262 1690 338 1728 qua
355 1676 576 1714 facillimum
596 1689 791 1714 accessum
813 1683 852 1713 et
871 1675 1141 1727 aequissimum
1172 1677 1222 1714 ad

78 1738 335 1776 dimicandum
351 1737 489 1774 nostris
508 1737 675 1782 videbat,
694 1737 814 1775 fossas
829 1749 859 1774 11
877 1737 1056 1782 directas,
1077 1749 1152 1774 non
1170 1737 1222 1775 ita

76 1811 216 1850 magno
237 1798 435 1836 intervallo
455 1799 581 1836 medio
600 1797 750 1844 relicto,
782 1811 826 1836 lv
847 1799 987 1849 pedum
1008 1797 1220 1836 altitudinis

77 1861 115 1897 in
134 1873 222 1897 eum
241 1860 368 1897 locum
384 1859 558 1905 deduxit,
578 1872 654 1910 quo
673 1860 823 1910 longius
843 1859 1094 1896 constituerat
1112 1871 1220 1896 suam

78 1933 154 1958 non
173 1920 388 1971 producere
407 1921 541 1958 aciem.
584 1921 689 1958 Inter
708 1921 775 1957 lias
791 1921 909 1957 fossas
928 1920 1048 1957 aciem
1070 1932 1222 1971 semper

78 1982 304 2026 instruebat,
332 1981 544 2032 equitatum
564 1989 690 2019 autem
711 1993 862 2019 omnem
883 1982 929 2018 ab
950 1980 1132 2018 lateribus
1152 1993 1218 2018 cx-

78 2050 138 2080 tra
154 2042 293 2080 fossam
313 2042 549 2080 collocabat:
580 2043 645 2093 qui
661 2055 785 2093 neque
805 2042 916 2080 aliter
935 2042 1036 2080 utilis
1050 2053 1132 2078 esse
1152 2054 1220 2092 po—

77 2110 189 2149 terat,
209 2111 249 2141 et
263 2103 423 2141 multum
439 2117 598 2141 numero
617 2103 789 2140 anteibat
803 2111 973 2141 nostrum
995 2103 1219 2154 equitatum.

127 2165 313 2202 XXXIX.
366 2165 560 2202 Domitius
588 2173 731 2210 autem,
764 2177 880 2215 quum
901 2164 1075 2202 Caesaris
1099 2165 1219 2215 magis

77 2226 262 2277 periculo,
282 2239 395 2276 quam
411 2239 493 2271 suo,
509 2233 830 2269 commoveretur-3
852 2238 975 2276 neque
990 2238 1030 2262 se
1048 2233 1130 2263 tuto
1145 2226 1219 2263 ‹lis-

78 2299 271 2324 cessurum
292 2286 555 2332 arbitraretur,
575 2286 605 2323 si
625 2285 878 2331 conditiones,
907 2297 998 2336 quas
1017 2287 1218 2335 rejecerat,

78 2358 205 2384 rursus
223 2354 436 2398 appeteret,
456 2354 524 2385 aut
542 2347 623 2384 sine
644 2359 778 2384 caussa
795 2345 1036 2390 discederet3
1063 2358 1112 2383 ex
1132 2359 1219 2397 pro·
