1472 2664
234 246 282 281 82
531 242 605 278 DE
652 242 828 278 BELLO
877 241 1041 279 CIVILI

237 346 379 391 locum,
398 345 480 382 aliis
500 345 784 395 comprehensis
805 346 977 391 collibus,
998 344 1226 381 munitiones
1247 346 1370 395 perfe-

232 414 381 444 cerunt.

286 466 450 503 XLVII.
506 466 598 503 Erat
614 479 711 503 nova
730 474 769 503 et
797 467 974 503 inusitata
994 467 1082 503 belli
1110 466 1222 511 ratio,
1255 480 1371 516 quum

234 535 292 564 tot
323 527 567 565 castellorum
600 540 772 572 numero,
807 534 993 577 tantoque
1025 528 1161 577 spatio,
1191 535 1229 564 ct
1259 528 1373 564 tantis

232 588 520 633 munitionibus,
553 596 592 624 et
612 595 692 624 toto
721 588 927 625 obsidionis
960 601 1115 637 genere,
1147 595 1228 625 tum
1257 588 1369 624 etiam

233 649 388 699 reliquis
422 649 547 684 rebus.
603 648 714 693 Nam,
753 649 971 699 quicunque
1004 649 1165 686 alterum
1197 649 1372 687 obsidere

235 710 361 747 conati
395 717 497 754 sunt,
529 709 727 758 perculsos
755 719 869 759 atque
891 710 1058 746 infirmos
1089 711 1216 748 hostes
1235 711 1373 756 adorti,

234 777 299 807 aut
318 770 464 820 proelio
480 777 692 818 superatos,
713 778 777 806 aut
797 770 922 819 aliqua
940 770 1146 808 offensione
1166 779 1373 820 permotos,

237 830 524 874 continuerunt,
545 842 659 878 quum
678 830 745 879 ipsi
766 843 924 866 numero
942 831 1101 867 militum
1123 831 1372 881 equitumque

233 898 496 941 praestarent:
526 902 659 927 caussa
678 897 803 926 autem
825 891 1031 927 obsidionis
1058 891 1154 927 haee
1181 890 1260 927 sere
1291 904 1373 929 esse

236 951 448 996 consuevit,
469 958 510 987 ut
523 950 714 987 frumento
731 950 859 987 hostes
874 950 1160 1000 prohibeantur.
1200 951 1268 996 At,
1282 964 1372 988 con-

236 1019 307 1055 tra,
328 1009 495 1059 integras
515 1017 628 1059 atque
649 1009 858 1047 incolumes
879 1009 1007 1059 copias
1027 1010 1168 1047 Caesar
1188 1010 1369 1048 inferiore

234 1070 397 1107 militum
419 1083 577 1106 numero
598 1069 831 1114 continebat,
852 1082 969 1118 quum
990 1069 1042 1105 illi
1063 1070 1230 1107 omnium
1247 1084 1373 1108 rerum

236 1133 347 1182 copia
361 1131 618 1168 abundarent:
638 1129 806 1180 quotidie
826 1129 926 1165 enim
946 1143 1106 1179 magnus
1122 1131 1289 1181 undique
1309 1145 1373 1169 na-

234 1192 336 1229 vium
352 1204 531 1228 numerus
547 1189 812 1234 conveniebat,
835 1202 931 1239 quae
946 1198 1200 1228 commeatum
1215 1204 1374 1242 suppor-

236 1260 385 1295 tarent3
412 1264 535 1301 neque
556 1250 651 1286 ullus
671 1249 764 1286 flare
783 1257 920 1287 ventus
939 1258 1104 1300 poterat,
1134 1251 1224 1301 quin
1244 1253 1370 1303 aliqua

236 1328 284 1351 ex
317 1320 425 1364 parte
456 1310 665 1349 secundum
688 1323 839 1347 cursum
860 1311 1057 1348 haberent.
1110 1312 1197 1362 Ipse
1230 1322 1371 1361 autem,

237 1373 446 1411 consumtis
467 1371 642 1408 omnibus
661 1371 776 1421 longe
795 1371 947 1422 lateque
975 1372 1191 1419 frumentis,
1220 1376 1374 1412 summis

236 1442 319 1471 erat
338 1434 375 1469 in
395 1432 592 1482 angustiis,
631 1431 707 1468 Sed
728 1439 854 1468 tamen
875 1432 977 1485 hace
990 1433 1169 1483 singulari
1189 1435 1373 1484 patientia

234 1494 373 1531 milites
392 1492 589 1530 ferebant:
619 1492 918 1530 recordabantur
937 1493 1052 1540 enim,
1071 1494 1218 1540 eadem,
1238 1507 1292 1540 se,
1313 1509 1373 1533 su-

235 1554 385 1605 periore
405 1566 504 1590 anno
525 1553 563 1588 in
579 1552 767 1602 Hispani-a
786 1566 1000 1603 perpessos,
1020 1554 1149 1591 labore
1169 1562 1208 1592 et
1226 1556 1375 1605 patien-

236 1615 290 1652 tia
308 1614 516 1651 maximum
537 1613 680 1650 bellum
701 1614 936 1651 confecisse:
964 1615 1229 1661 meminerant,
1251 1617 1298 1654 ad
1319 1619 1374 1654 A-

233 1676 364 1713 lesiam
385 1686 576 1724 magnam,
605 1687 659 1719 se,
688 1673 852 1724 inopiam
873 1688 1085 1725 perpessos,
1112 1677 1231 1714 multo
1259 1678 1373 1716 etiam

235 1739 416 1786 majorem
437 1735 485 1771 ad
512 1735 733 1780 Avaricum,
767 1736 1015 1772 maximarum
1038 1750 1078 1773 se
1105 1739 1275 1787 gentium
1296 1740 1373 1778 vic-

235 1806 338 1835 tores
358 1795 588 1833 discessisse.
645 1795 748 1841 Non,
768 1796 840 1832 illis
859 1796 1045 1834 hordeum
1067 1812 1183 1849 quum
1203 1801 1372 1849 daretur,

234 1872 311 1897 non
330 1858 523 1908 legumina
542 1857 792 1894 recusabant:
820 1870 939 1906 pecus
955 1871 1060 1905 vero,
1080 1862 1188 1910 cujus
1203 1862 1257 1899 rei
1272 1876 1373 1900 sum·

234 1932 297 1956 ma
316 1927 398 1956 erat
416 1930 466 1954 ex
487 1917 604 1967 Epiro
626 1917 750 1967 copia,
779 1930 918 1967 magno
939 1919 976 1954 in
998 1919 1143 1958 honore
1163 1921 1365 1961 habebant.

288 1978 473 2016 XLVIII.
520 1977 590 2014 Est
610 1978 724 2015 etiam
745 1991 865 2028 genus
880 1979 1017 2016 radicis
1036 1980 1232 2019 inventum
1251 1984 1299 2020 ab
1315 1984 1372 2030 iis,

234 2040 299 2091 qui
312 2039 461 2076 fuerant
476 2052 563 2076 cum
578 2038 744 2084 Valerio,
761 2039 863 2089 quod
878 2040 1090 2091 appellatur
1105 2042 1234 2085 chara:
1256 2045 1373 2094 quod,

233 2100 446 2138 admixtum
466 2100 580 2145 lacte,
611 2100 774 2136 multum
796 2100 961 2151 inopiam
977 2101 1138 2140 levabat.
1192 2103 1237 2140 Id
1256 2105 1304 2141 ad
1324 2105 1372 2142 si-

233 2160 486 2198 militudinem
507 2160 615 2210 panis
631 2159 855 2198 efficiebant.
887 2161 979 2211 Ejus
996 2171 1076 2198 erat
1092 2175 1229 2213 magna
1247 2165 1371 2214 copia.

235 2221 294 2258 Ex
318 2221 392 2257 hoc
413 2220 569 2258 effectos
586 2234 720 2270 panes,
740 2234 857 2271 quum
876 2222 914 2258 in
930 2222 1129 2272 colloquiis
1150 2223 1371 2275 Pompeiani

234 2282 372 2318 famem
393 2280 532 2318 nostris
551 2281 806 2330 objectarent,
826 2281 940 2333 vulgo
960 2281 998 2319 in
1018 2294 1084 2320 eos
1097 2282 1307 2332 Jaciebant,
1328 2289 1370 2320 ut

235 2354 341 2392 spem
361 2354 493 2379 eorum
512 2341 742 2380 minuerent.
