1472 2664
247 245 318 282 164
678 244 729 280 A.
769 243 949 281 HIRTII

243 353 339 392 tum,
359 352 398 383 et
413 345 477 396 qui
496 344 710 395 legionibus
725 354 941 396 praeerant,
960 345 1079 384 multa
1093 353 1228 384 contra
1241 359 1385 385 morem

243 407 639 457 consuetudinemque
667 407 869 444 militarem
890 408 1041 452 fierent,
1061 420 1158 458 quae
1177 407 1385 446 dissolven-

242 468 314 504 dae
346 467 569 518 disciplinae
596 468 888 518 severitatisque
922 475 1073 511 essent3
1102 481 1223 520 eaque
1257 469 1383 506 omnia

241 528 415 579 flagitare
449 529 655 566 adventum
675 541 783 566 suum
805 529 974 566 videret:
1009 537 1135 566 tamen
1168 528 1387 580 praeferen-

242 589 333 627 dum
349 590 594 635 existimavit,
608 602 701 640 quas
714 589 752 626 in
768 589 982 640 provincias
995 590 1249 640 regionesque
1263 590 1386 628 venis-

241 657 314 696 set,
333 663 397 688 eas
416 651 468 688 ita
493 651 708 701 relinquere
728 651 968 695 constitutas,
990 658 1032 687 ut
1063 650 1281 688 domesticis
1311 651 1387 688 dis-

241 711 479 749 sensionibus
511 711 778 756 liberarentur,
815 713 904 760 jura
937 711 1121 761 legesque
1149 711 1387 760 acciperent,

240 779 488 809 externorum
525 772 691 810 hostium
727 779 871 809 metum
909 772 1160 822 deponerent.
1214 771 1326 810 Haec
1347 772 1385 809 in

243 833 366 884 Syria,
393 833 542 880 Cilicia,
571 834 679 879 Asia,
708 833 887 870 celeriter
906 845 945 870 sc
967 833 1235 870 confecturum
1256 846 1385 883 spera-

239 895 320 940 bat,
339 895 443 945 quod
459 894 531 932 hae
550 894 771 945 provinciae
787 894 890 931 nullo
909 893 1011 930 bello
1026 893 1313 943 premebantur.
1340 893 1385 930 ln

241 955 425 1005 Bithynia
443 968 488 993 ac
505 955 630 993 Ponto
646 954 731 1005 plus
747 955 871 992 oneris
890 954 1042 992 videbat
1063 954 1133 991 sibi
1154 954 1387 1004 impendere.

241 1016 330 1054 Non
350 1017 450 1054 enim
470 1016 681 1054 excessisse
710 1015 835 1053 Ponto
857 1015 1083 1053 Pharnacen
1111 1015 1299 1061 audierat,
1320 1029 1386 1053 ne-

241 1091 316 1129 que
331 1091 579 1116 excessurum
594 1077 769 1128 putabat,
785 1090 903 1127 quum
919 1076 1088 1114 secundo
1109 1076 1253 1127 proelio
1269 1077 1386 1114 vehe-

239 1147 389 1178 menter
408 1147 510 1177 essct
535 1139 703 1185 inflatus,
725 1138 829 1189 quod
857 1145 992 1176 contra
1026 1137 1238 1175 Domitium
1260 1138 1386 1176 Calvi-

239 1212 331 1236 num
346 1199 503 1237 fecerat.
558 1199 825 1237 Commoratus
851 1198 932 1235 scre
960 1199 998 1235 in
1019 1198 1194 1236 omnibus
1222 1198 1386 1236 civitati-

239 1261 325 1305 bus,
351 1273 449 1310 quae
468 1261 612 1309 majore
625 1266 713 1296 sunt
727 1259 926 1308 dignitate,
942 1258 1111 1308 praemia
1126 1259 1224 1296 bene
1240 1259 1386 1296 meritis

240 1329 281 1358 et
307 1321 447 1358 viritim
475 1328 515 1358 et
533 1321 688 1371 publice
707 1319 863 1356 tribuit:
893 1319 941 1356 de
961 1319 1229 1356 controversiis
1248 1319 1387 1357 veteri-

238 1382 310 1418 bus
344 1380 544 1431 cognoscit
576 1393 622 1418 ac
641 1380 796 1417 statuit:
824 1392 950 1429 reges,
980 1387 1177 1430 tyrannos,
1207 1379 1388 1430 dynastas

239 1442 473 1493 provinciae,
497 1441 772 1492 finitimosque,
801 1440 865 1491 qui
897 1453 1030 1478 omnes
1048 1441 1097 1478 ad
1115 1454 1202 1478 eum
1223 1454 1386 1480 concur-

238 1510 382 1548 rerant,
419 1510 596 1553 receptos
633 1502 670 1538 in
703 1501 832 1547 fidem,
872 1501 1154 1551 conditionibus
1199 1501 1386 1552 impositis

238 1564 458 1615 provinciae
483 1563 651 1601 tuendae
679 1575 724 1600 ac
748 1562 1028 1608 defendendae,
1057 1562 1216 1600 dimittit
1244 1569 1284 1600 et
1314 1562 1386 1600 sibi

237 1633 277 1663 et
296 1626 437 1676 populo
459 1625 633 1662 Romano
653 1624 912 1662 amicissimos.

287 1686 433 1723 LXVI.
489 1685 627 1723 Paucis
656 1685 791 1722 diebus
814 1684 850 1722 in
872 1698 917 1722 ea
935 1685 1131 1736 provincIa
1156 1686 1382 1732 consumtis,

240 1746 330 1783 Sex.
358 1746 577 1791 Caesarem,
596 1746 760 1782 amicum
781 1753 820 1783 et
840 1745 1096 1783 necessarium
1115 1759 1241 1791 suum,
1262 1746 1382 1797 legio-

236 1807 348 1844 nibus
371 1806 580 1858 Syriaeque
600 1806 788 1857 praeficit‚
814 1806 895 1856 ipse
914 1806 1047 1843 eadem
1069 1806 1204 1852 classe,
1225 1820 1301 1857 qua
1319 1820 1384 1844 ve-

237 1876 360 1914 nerat,
381 1868 635 1919 proficiscitur
665 1868 702 1904 in
724 1867 919 1905 Ciliciam:
953 1869 1062 1917 cujus
1083 1868 1302 1918 provinciae
1331 1868 1384 1905 ci-

236 1929 375 1966 vitates
395 1941 528 1966 omnes
547 1935 685 1966 evocat
706 1928 879 1973 Tarsum,
901 1928 1004 1978 quod
1024 1929 1206 1979 oppidum
1226 1928 1306 1966 fere
1322 1936 1379 1967 to-

237 1991 312 2028 tius
339 1991 498 2029 Ciliciae
527 1989 802 2027 nobilissimum
830 1988 1156 2040 fortissimumque
1183 1997 1254 2028 est.
1307 1990 1381 2036 lbi,

236 2053 352 2089 rebus
384 2052 559 2089 omnibus
591 2050 808 2101 provinciae
839 2058 880 2087 et
908 2050 1152 2087 finitimarum
1183 2050 1380 2088 civitatum

238 2113 470 2158 constitutis,
491 2112 701 2162 cupiditate
721 2110 989 2161 proficiscendi
1010 2111 1057 2148 ad
1081 2111 1222 2148 bellum
1243 2125 1380 2162 geren-

238 2174 344 2220 dum,
374 2187 448 2210 non
470 2173 612 2210 diutius
630 2180 821 2215 moratum
849 2172 1073 2222 magnisque
1095 2172 1292 2211 itineribus
1312 2186 1382 2223 per

239 2232 523 2283 Cappadociam
552 2232 752 2277 confectis,
783 2231 940 2269 biduum
964 2232 1147 2270 Mazacae
1167 2245 1379 2270 commora-

238 2300 312 2341 tus,
330 2293 435 2331 venit
455 2292 639 2339 Comana,
660 2292 958 2330 vetustissimum
977 2299 1015 2331 et
1038 2293 1318 2332 sanctissimum
1338 2293 1377 2330 in
