1472 2664
221 265 271 300 86
515 262 589 299 DE
636 262 812 300 BELLO
860 263 1027 301 CIVILI

218 365 352 411 vimus,
380 367 560 416 receptis,
588 367 809 404 tentandam
829 366 899 404 sibi
926 365 1127 412 Achaiam,
1156 377 1201 403 ac
1226 368 1353 417 paullo

218 427 369 476 longius
388 427 725 477 progrediendum,
755 427 996 464 existimabat
1016 427 1167 464 Caesar.
1220 426 1355 477 Itaque

219 500 265 524 eo
287 486 433 523 Fufium
454 487 644 524 Kalenum
663 487 778 533 misit,
798 495 836 524 et
856 488 903 529 Q.
925 487 1106 524 Sabinum
1127 494 1164 524 et
1185 487 1357 525 Cassium

220 560 306 584 cum
328 548 550 584 cohortibus
569 548 755 598 adjungit.
809 549 981 589 Quorum
998 549 1152 598 cognito
1173 549 1354 592 adventu,

220 607 386 644 Rutilius
402 608 551 658 Lupus,
571 609 634 659 qui
659 608 858 652 Achaiam,
879 608 1014 646 missus
1033 622 1055 646 a
1075 609 1272 659 Pompeio,
1292 609 1358 645 ob-

219 668 378 714 tinebat,
398 668 583 706 Isthmum
603 670 844 719 praemunire
865 669 1041 715 instituit,
1062 678 1104 707 ut
1123 669 1270 706 Achaia
1286 668 1359 706 Fu·

217 730 308 765 fium
328 730 565 779 prohiberet.
620 730 791 767 Kalenus
812 730 998 780 Delphos,
1020 730 1186 776 Thebas,
1207 729 1357 767 Orcho-

218 802 385 834 menum,
402 790 597 827 voluntate
616 791 778 841 ipsarum
796 792 992 828 civitatum
1009 792 1173 842 recepit:
1194 791 1357 828 nonnul-

218 850 272 886 las
288 851 399 887 urbes
418 863 486 900 per
507 851 585 887 vim
607 851 865 901 expugnavit:
892 852 1055 901 reliquas
1076 852 1261 897 civitates,
1282 851 1355 888 cir-

219 911 429 948 cummissis
459 911 731 961 legationibus,
769 912 936 949 amicitia
969 913 1126 950 Caesari
1155 913 1358 950 conciliare

218 972 410 1010 studebat.
465 972 509 1009 In
530 973 587 1009 liis
608 974 721 1010 rebus
741 973 820 1010 fere
840 981 922 1010 erat
943 973 1071 1010 Fufius
1091 981 1315 1023 occupatus.

268 1033 373 1071 LVI.
420 1034 607 1070 Omnibus
626 1034 810 1084 deinceps
829 1034 962 1071 diebus
983 1035 1124 1072 Caesar
1144 1034 1357 1072 exercitum

218 1094 255 1130 in
269 1094 388 1131 aciem
403 1107 566 1145 aequum
581 1095 617 1131 in
630 1094 755 1131 locum
772 1095 969 1145 produxit,
986 1095 1013 1131 si
1030 1095 1234 1145 Pompeius
1246 1108 1357 1145 proe-

217 1154 269 1191 lio
289 1155 488 1192 decertare
504 1155 632 1201 vellet,
652 1163 694 1192 ut
707 1168 827 1205 paene
844 1155 976 1192 castris
993 1155 1165 1205 Pompeii
1188 1155 1360 1205 legiones

218 1216 448 1265 subjiceret:
469 1224 694 1266 tantumque
707 1229 728 1252 a
740 1215 840 1252 vallo
860 1217 942 1264 ejus
961 1215 1083 1265 prima
1095 1215 1195 1252 acies
1212 1215 1358 1260 aberat,

218 1277 274 1313 uti
290 1290 337 1314 ne
354 1277 391 1313 in
407 1290 490 1314 eam
507 1278 625 1314 telum
645 1284 926 1314 tormentumve
941 1276 1041 1326 adigi
1063 1284 1206 1326 posset.
1245 1275 1359 1312 Pom-

218 1339 327 1388 peius
346 1346 489 1384 autem,
517 1347 559 1375 ut
578 1338 717 1374 famam
737 1345 775 1374 et
798 1337 1015 1388 opinionem
1036 1337 1233 1373 hominum
1253 1344 1359 1374 tene-

217 1408 289 1445 ret,
322 1401 376 1437 sic
397 1413 465 1450 pro
486 1399 618 1437 castris
640 1399 853 1436 exercitum
885 1399 1156 1444 constituebat,
1184 1405 1226 1434 ut
1246 1399 1361 1435 tertia

216 1461 319 1498 acies
350 1461 489 1497 vallum
525 1459 780 1507 contingeret,
816 1460 937 1496 omnis
971 1459 1123 1510 quidem
1151 1459 1359 1496 instructus

217 1522 411 1559 exercitus
431 1521 515 1558 telis
536 1534 583 1558 ex
604 1521 702 1557 vallo
721 1520 880 1570 abjectis
899 1521 1050 1571 protegi
1071 1527 1212 1571 posset.

267 1583 393 1619 LVII.
449 1582 558 1618 Haec
587 1595 702 1632 quum
732 1581 769 1617 in
800 1581 948 1618 Achaia
979 1589 1093 1631 atque
1121 1582 1224 1632 apud
1255 1582 1357 1632 Dyr-

220 1644 420 1681 rhachium
441 1650 682 1693 gererentur,
716 1641 1013 1692 Scipionemque
1032 1642 1069 1678 in
1091 1641 1360 1679 Macedoniam

216 1705 364 1743 venisse
379 1711 592 1746 constaret;
612 1716 687 1739 non
704 1702 843 1740 oblitus
859 1703 1006 1753 pristini
1022 1703 1198 1749 instituti,
1220 1704 1359 1741 Caesar

217 1766 333 1803 mittit
347 1766 395 1803 ad
415 1778 501 1802 eum
525 1764 717 1809 Clodinm,
737 1776 848 1800 suum
868 1771 982 1814 atque
1003 1763 1101 1800 illius
1121 1763 1358 1809 familiarem,

216 1840 344 1877 quem,
364 1827 412 1863 ab
430 1826 494 1863 illo
511 1825 692 1862 traditum
709 1825 815 1862 initio
831 1832 870 1861 et
885 1824 1205 1870 commendatum,
1220 1824 1256 1860 in
1273 1837 1359 1861 suo-

217 1901 300 1924 rum
321 1887 623 1925 necessariorum
649 1898 808 1922 numero
827 1886 969 1922 habere
989 1885 1216 1923 instituerat.
1253 1885 1359 1922 Huic

217 1948 282 1984 dat
309 1948 438 1984 literas
469 1947 724 1997 mandataque
744 1946 792 1983 ad
822 1959 922 1991 eum,
956 1959 1117 1996 quorum
1146 1946 1241 1982 haec
1273 1952 1355 1982 erat

216 2022 362 2045 summa
379 2022 387 2044 ε
423 2021 520 2053 sese,
542 2007 668 2044 omnia
687 2007 735 2044 de
754 2020 849 2057 pace
870 2014 1089 2057 expertum,
1121 2007 1215 2043 nihil
1235 2007 1360 2044 adhuc

216 2069 388 2105 arbitrari
408 2068 567 2112 factum,
590 2067 680 2104 vitio
701 2080 847 2111 eorum,
869 2080 963 2117 quos
983 2079 1064 2104 esse
1080 2074 1257 2105 auctores
1278 2068 1360 2116 ejus

224 2129 278 2165 rei
298 2129 491 2173 voluisset,
524 2128 625 2178 quod
645 2140 712 2164 sua
731 2127 909 2164 mandata
937 2126 1106 2177 perferre
1125 2140 1200 2164 non
1220 2139 1359 2177 oppor-

221 2199 314 2227 tuno
344 2197 515 2240 tempore
537 2189 583 2226 ad
607 2188 830 2238 Pompeium
861 2196 1104 2225 vererentur:
1138 2187 1355 2238 Scipionem

216 2264 261 2288 ea
276 2264 358 2288 esse
374 2250 617 2294 auctoritate,
639 2257 680 2285 ut
701 2261 774 2285 non
789 2249 910 2286 solum
925 2248 1057 2295 libere,
1077 2261 1174 2299 quae
1193 2249 1349 2299 probas-

215 2319 286 2357 set,
306 2323 514 2362 exponere,
534 2310 599 2348 sed
620 2310 734 2347 etiam
754 2322 891 2360 magna
911 2322 960 2347 ex
979 2316 1088 2362 parte
1108 2309 1352 2361 compellere,
