1472 2664
331 287 405 337 DE·
434 298 611 337 BELLO
642 298 801 338 ALEX.
829 285 1005 337 Lmizn'.
1162 288 1236 340 1425

97 404 145 440 ne
177 403 266 440 belli
294 403 427 448 civilis,
463 404 594 454 populi
629 403 790 440 Romani
822 405 884 453 jus
916 405 1231 455 majestatemque

96 464 274 502 tentaret.
329 464 443 501 Hanc
464 465 799 502 denunciationem
820 478 934 515 quum
955 466 1136 513 majorem
1156 466 1232 502 vim'

94 524 310 562 habituram
340 525 590 568 existimaret,
623 525 652 561 si
681 525 836 575 propius
865 538 928 562 eas
948 525 1123 574 regiones
1144 531 1235 563 cum

95 585 270 622 exercitu
291 585 539 627 accessissem
567 585 613 622 ad
631 585 801 635 legiones
821 585 1030 636 profectus,
1051 598 1163 622 unam
1184 598 1233 622 ex

90 645 225 690 tribus,
245 646 474 683 tricesimam
493 653 656 688 sextam,
675 659 805 683 secum
825 646 946 692 ducit,
968 658 999 682 11
1016 646 1054 683 in
1072 648 1233 697 Aegyp-

93 713 173 743 tum
189 707 237 743 ad
253 706 456 743 Caesarem
471 707 602 751 mittit,
621 707 740 743 literis
756 708 789 756 ej
797 720 838 743 us
853 714 1052 744 evocatas:
1073 720 1233 757 quarum

93 767 211 804 altera
230 767 267 802 in
283 767 384 804 bello
401 767 665 804 Alexandrino
685 781 761 805 non
777 768 959 812 occurrit,
979 768 1081 817 quod
1097 767 1232 804 itinere

93 828 263 864 terrestri
283 840 352 877 per
368 827 514 877 Syriam
536 835 618 864 erat
637 827 761 865 missa.
807 828 999 878 Adjungit
1015 828 1085 865 Cn.
1100 828 1234 866 Domi-

93 887 167 924 tius
186 887 326 937 legioni
344 899 470 923 xxxvi
489 887 582 924 duas
597 888 644 924 ab
662 887 860 938 Dej0taro,
880 900 972 937 quas
988 887 1050 924 ille
1066 887 1233 938 discipli-

91 960 140 984 na
158 956 272 998 atque
292 956 485 985 armatura
511 956 641 985 nostra
661 949 878 998 complures
897 961 1016 984 annos
1044 948 1233 986 constitu-

92 1014 149 1045 tas
164 1008 343 1053 habebat,
364 1008 588 1058 equitesque
605 1016 780 1050 centunu
799 1009 1035 1058 totidemque
1055 1009 1101 1046 ab
1119 1010 1234 1046 Ario-

90 1068 254 1106 barzane
275 1069 400 1106 sumit.
456 1068 579 1105 Mittit
608 1068 650 1104 P.
673 1068 846 1106 Sextium
866 1070 915 1106 ad
935 1070 979 1107 C.
1000 1070 1234 1108 Plaetorium

94 1138 349 1179 quaestorem,
380 1137 423 1166 ut
442 1129 630 1179 legionem
651 1130 877 1174 adduceret,
909 1143 1006 1180 quae
1026 1143 1074 1167 ex
1095 1132 1234 1168 tumule

91 1190 222 1227 tuariis
249 1190 431 1227 militibus
451 1191 489 1226 in
510 1189 633 1227 Ponto
665 1190 845 1228 confecta
864 1199 969 1234 erat;
1005 1190 1233 1232 Quinctum-

91 1264 166 1301 que
184 1251 364 1288 Patisium
385 1250 422 1287 in
440 1251 613 1288 Ciliciam
629 1251 677 1288 ad
692 1251 834 1288 auxilia
849 1252 1087 1289 arcessenda.
1124 1252 1232 1293 Quae

91 1312 224 1362 copiae
246 1311 422 1349 celeriter
442 1324 574 1348 omnes
595 1313 704 1361 jussu
725 1311 885 1348 Domitii
905 1312 1076 1349 Comana
1093 1324 1232 1349 conve—

92 1380 245 1409 nerunt.

145 1433 308 1470 XXXV.
359 1433 518 1470 Interim
538 1433 655 1483 legati
674 1447 696 1471 a
717 1434 914 1472 Pharnace
934 1447 1116 1485 responsa
1134 1434 1233 1472 refe-

92 1502 194 1539 runt,
224 1493 470 1544 Cappadocia
496 1507 536 1532 se
556 1494 779 1541 decessisse,
807 1496 1027 1532 Armeniam
1047 1495 1234 1533 minorem

92 1554 297 1604 recepisse,
319 1567 447 1605 quam,
466 1562 626 1605 paterno
639 1556 808 1600 nomine,
825 1558 910 1605 jure
926 1556 1098 1593 obtinere
1117 1556 1233 1593 debe-

91 1622 172 1657 ret3
198 1615 364 1665 denique
383 1617 465 1664 ejus
487 1615 594 1665 regni
615 1628 749 1653 caussa
769 1617 916 1666 integra
936 1616 1089 1654 Caesari
1109 1629 1234 1654 serva·

91 1683 215 1718 retur;
235 1684 408 1726 paratum
427 1677 528 1712 enim
548 1689 588 1713 se
603 1676 746 1722 facere,
766 1678 868 1727 quod
887 1677 915 1713 is
929 1678 1134 1714 statuisset.
1163 1677 1233 1715 Cn.

91 1735 298 1781 Domitius,
319 1749 434 1786 quum
451 1737 785 1781 animadverteret,
806 1750 892 1774 eum
908 1737 1152 1788 Cappadocia
1167 1738 1233 1775 de-

92 1797 263 1841 cessisse,
293 1809 369 1833 non
402 1797 597 1834 voluntate
627 1798 850 1843 adductum,
883 1798 951 1835 sed
980 1798 1208 1836 necessitate
1224 1814 1234 1841 ;

90 1857 193 1907 quod
212 1857 359 1894 facilius
380 1858 603 1894 Armeniam
623 1858 831 1895 defendere
850 1867 994 1909 posset,
1020 1860 1232 1908 subjectam

92 1929 161 1954 suo
194 1930 329 1967 regno,
367 1931 480 1968 quam
514 1919 813 1969 Cappadociam,
851 1920 1003 1970 longius
1034 1926 1233 1965 remotam,

91 1977 271 2028 quodque
299 1991 430 2016 omnes
452 1991 503 2015 111
533 1979 704 2029 legiones
729 1979 985 2017 adducturum
1019 1980 1234 2018 Domitium

91 2040 282 2089 putassem
311 2052 361 2075 ex
381 2040 518 2089 quibus
538 2053 654 2090 quum
677 2054 707 2077 ri
729 2041 777 2078 ad
797 2041 999 2078 Caesarem
1019 2041 1149 2079 missas
1167 2055 1234 2079 au·

90 2099 222 2144 disset,
243 2099 424 2137 audacius
444 2100 480 2136 in
502 2101 688 2137 Armenia
707 2101 959 2144 substitisset3
988 2115 1234 2152 perseverare

92 2159 233 2210 coepit,
265 2167 308 2196 ut
335 2173 381 2197 eo
410 2173 562 2211 quoque
586 2173 706 2211 regno
727 2161 958 2199 decederet:
988 2175 1112 2213 neque
1133 2164 1234 2200 enim

92 2219 267 2270 aliudjus
282 2232 364 2257 esse
381 2221 663 2271 Cappadociae,
683 2231 798 2272 atque
816 2223 1044 2260 Armeniae:
1065 2236 1138 2260 nec
1152 2225 1233 2272 jus-

91 2287 130 2317 te
149 2294 235 2318 eum
255 2282 463 2331 postulare,
483 2290 525 2319 ut
544 2283 581 2318 in
599 2283 771 2320 Caesaris
790 2284 995 2321 adventum
1011 2297 1069 2321 res
1086 2284 1235 2333 integra

94 2339 330 2379 differretur:
361 2342 400 2379 id
419 2342 520 2379 enim
536 2355 619 2380 esse
640 2343 846 2394 integrum,
866 2345 966 2394 quod
990 2346 1041 2382 ita
1060 2352 1173 2391 esset,
1194 2354 1235 2381 ut

173 2400 282 2436 ΤοΜ.
309 2401 361 2437 11.
658 2402 691 2438 Τ
