1472 2664
244 281 316 318 142
674 283 726 319 A.
761 281 943 320 HIRTII

239 382 378 429 metat,
406 382 651 435 brachiisque
678 397 766 422 cum
785 397 902 436 opere
920 391 1132 423 castrorum
1161 384 1376 433 conjunxe-

233 451 305 490 rat,
323 444 399 482 vici
412 445 610 482 obtinendi
630 458 779 492 caussa,
798 446 954 492 Caesar,
974 457 1178 496 aggressus
1198 445 1374 483 omnibus

230 506 365 556 copiis,
385 513 603 556 expugnat3
621 520 698 545 non
717 520 794 558 quo
820 507 860 544 id
877 507 1014 545 minori
1033 519 1192 545 numero
1210 506 1374 545 militum

235 567 420 617 consequi
439 567 590 605 difficile
609 567 714 606 factu
733 575 909 619 putaret;
925 568 994 605 sed
1014 575 1056 605 ut
1070 568 1118 605 ab
1138 580 1185 605 ea
1201 567 1376 614 victoria,

229 627 444 678 perterritis
465 628 750 673 Alexandrinis,
770 629 944 679 protinus
962 636 1086 666 castra
1106 628 1206 678 regis
1227 641 1375 679 oppug-

229 697 350 727 naret.
402 689 539 740 Itaque
557 702 604 727 eo
632 702 761 734 cursu,
790 702 868 740 quo
886 689 1120 739 refugientes
1141 689 1374 727 Alexandri-

231 761 303 786 nos
328 762 377 787 ex
397 750 554 788 castello
573 750 610 786 in
633 757 757 788 castra
773 757 865 787 sunt
883 750 1020 787 milites
1041 748 1217 795 insecuti,
1252 750 1375 787 muni-

230 809 400 848 tionibus
425 818 708 855 successerunt,
739 810 1001 860 acerrimeque
1021 809 1167 847 eminus
1195 810 1371 860 proeliari

231 878 454 921 coeperunt.
508 871 670 908 Duabus
689 883 738 908 ex
766 871 940 921 partibus
964 870 1090 908 aditus
1118 870 1372 920 oppugnatio·

227 931 286 969 nis
307 932 446 969 nostris
465 932 652 975 dabatur3
671 944 761 977 una,
781 944 895 982 quam
910 931 1071 969 liberum
1092 943 1287 968 accessum
1303 931 1370 968 ha-

228 993 320 1030 bere
336 993 592 1031 demonstravi
611 1008 621 1037 ;
646 992 781 1037 altera,
801 1005 899 1044 quae
917 993 1111 1030 mediocre
1131 991 1370 1029 intervallum

227 1054 329 1091 inter
347 1062 473 1092 castra
491 1061 531 1092 et
549 1054 694 1091 flumen
711 1053 841 1091 Nilum
861 1054 1040 1091 habebat.
1078 1052 1252 1090 Maxima
1271 1061 1309 1090 et
1328 1066 1367 1091 e-

228 1115 434 1153 lectissima
451 1115 805 1153 Alexandrinorum
820 1114 1026 1152 multitudo
1041 1113 1273 1152 defendebat
1288 1127 1370 1152 eam

226 1184 388 1227 partem,
416 1189 514 1227 quae
533 1176 754 1214 facillimum
773 1176 916 1214 aditum
936 1175 1114 1212 habebat.
1159 1174 1369 1213 Plurimum

224 1246 354 1275 autem
370 1237 621 1288 proficiebant
640 1237 678 1273 in
693 1236 923 1287 repellendis
943 1236 1261 1287 vulnerandisque
1281 1249 1369 1274 nos-

225 1299 308 1345 tris,
327 1299 392 1350 qui
410 1298 569 1348 regione
584 1297 751 1334 fluminis
769 1297 846 1334 Nili
866 1298 1157 1348 propugnabant
1173 1311 1182 1333 :
1211 1297 1369 1336 diversis

225 1359 327 1396 enim
347 1358 432 1395 telis
452 1358 572 1395 nostri
598 1357 830 1408 figebantur,
861 1358 1009 1395 adversi
1029 1371 1079 1395 ex
1104 1358 1202 1395 vallo
1223 1365 1368 1395 castro-

223 1433 322 1465 rum,
342 1419 462 1457 aversi
482 1431 531 1456 ex
545 1418 719 1464 flumine,
739 1418 776 1454 in
797 1431 873 1469 quo
892 1418 1035 1456 multae
1054 1430 1182 1464 naves,
1202 1419 1367 1457 instruc-

224 1489 287 1518 tae
305 1480 564 1518 funditoribus
582 1486 621 1517 et
639 1479 859 1529 sagittariis,
886 1487 1035 1517 nostros
1055 1479 1343 1530 impugnabant.

273 1541 421 1579 XXXI.
469 1541 625 1587 Caesar,
645 1553 761 1591 quum
776 1540 938 1586 videret,
957 1540 1096 1578 milites
1114 1540 1238 1578 acrius
1254 1553 1367 1590 proe-

221 1603 304 1640 liari
323 1614 401 1639 non
422 1614 547 1652 posse,
567 1614 640 1640 nec
655 1609 783 1639 tamen
801 1601 963 1639 multum
983 1601 1115 1653 profici
1133 1608 1292 1652 propter
1310 1602 1366 1639 lo·

221 1675 354 1701 corum
370 1662 630 1700 difficultatem
646 1678 656 1706 ;
670 1675 864 1713 quumque
880 1662 1214 1708 animadverteret,
1237 1663 1366 1701 excel-

221 1724 409 1761 sissimum
428 1724 554 1761 locum
579 1731 788 1761 castrorum
808 1723 984 1761 relictum
1012 1736 1094 1761 esse
1125 1725 1172 1761 ab
1193 1723 1364 1761 Alexan-

220 1784 352 1830 drinis,
372 1785 475 1834 quod
495 1792 534 1822 et
552 1797 622 1835 per
641 1797 681 1821 se
700 1785 869 1822 munitus
883 1792 997 1830 esset,
1017 1792 1057 1822 et
1077 1784 1202 1822 studio
1222 1784 1359 1834 partim

219 1845 430 1895 pugnandi,
450 1845 587 1895 partim
603 1844 816 1895 spectandi,
835 1845 1144 1883 decucurrissent
1158 1845 1194 1881 in
1208 1858 1295 1882 eum
1307 1845 1363 1883 lo«

222 1919 325 1951 cum,
345 1906 383 1942 in
399 1919 476 1956 quo
491 1907 751 1956 pugnabatur;
771 1907 949 1944 cohortes
961 1906 1025 1943 illo
1039 1907 1201 1944 circuire
1221 1913 1360 1952 castra,

219 1974 260 2003 et
278 1979 466 2002 summum
486 1966 614 2004 locum
633 1966 806 2017 aggredi,
821 1968 949 2016 jussit,
968 1967 1089 2018 iisque
1110 1965 1359 2005 Carfulenum

218 2026 418 2076 praefecit,
439 2034 477 2063 et
497 2027 612 2064 animi
631 2027 894 2077 magnitudine
913 2037 953 2065 et
972 2028 1025 2065 rei
1044 2027 1217 2064 militaris
1235 2026 1360 2064 scien·

219 2087 272 2124 tia
299 2087 419 2123 virum
448 2095 717 2137 praestantem.
770 2089 858 2130 Quo
877 2095 920 2125 ut
942 2096 1099 2126 ventum
1127 2095 1199 2135 est,
1229 2087 1361 2138 paucis

220 2147 514 2184 defendentibus
531 2149 796 2195 munitionem,
816 2150 955 2187 nostris
974 2157 1109 2187 contra
1126 2150 1308 2187 militibus
1324 2161 1363 2186 a·

221 2208 382 2245 eerrime
401 2209 676 2258 pugnantibus,
695 2210 844 2249 diverso
865 2211 1031 2249 clamore
1050 2218 1088 2248 et
1107 2210 1255 2261 proelio
1277 2223 1361 2260 per-

220 2269 357 2314 territi,
394 2269 650 2307 Alexandrini
670 2272 906 2321 trepidantes
925 2272 964 2309 in
983 2285 1115 2310 omnes
1133 2279 1260 2323 partes
1279 2283 1360 2308 cas-

221 2340 364 2366 trorum
386 2329 598 2369 discurrere
618 2339 843 2382 coeperunt.
882 2334 1054 2376 Quorum
1070 2332 1359 2385 perturbatione
