1472 2664
312 292 386 330 DE
415 289 593 329 BELLO
623 288 786 328 ALEX.
813 290 990 328 LIBER.
1147 294 1219 332 135

79 407 146 432 ore
160 395 245 432 loco
265 395 544 439 constiterunt3
569 394 784 444 eodemque
796 401 982 444 tempore,
1003 405 1100 444 quae
1122 406 1214 431 con-

77 463 278 494 sueverant
295 456 445 505 navigia
463 468 532 505 per
546 464 682 506 pontes
695 454 743 492 ad
762 454 940 492 incendia
953 454 1217 492 onerariarum

78 517 267 562 emittere,
297 517 345 554 ad
382 516 520 554 molem
554 516 847 554 constituerunt.
913 515 1163 566 Pugnabatur
1196 529 1219 553 a

78 577 187 614 nobis
200 590 248 614 ex
261 584 392 626 ponte,
412 589 461 613 ex
478 577 594 619 mole;
613 577 659 614 ab
679 576 752 613 illis
765 589 815 613 ex
831 587 933 621 area,
948 587 1045 626 quae
1059 583 1141 613 erat
1153 576 1220 614 ad-

75 650 206 675 versus
221 644 391 688 pontem,
412 644 450 674 et
462 650 513 674 ex
532 638 690 675 navibus
708 645 844 674 contra
862 636 1015 675 molem.

129 698 216 735 XX.
279 697 325 734 In
357 698 416 735 his
435 698 548 735 rebus
577 705 766 748 occupato
793 698 972 743 Caesare,
1001 697 1217 748 militesque

76 759 269 803 hortante,
296 758 483 808 remigum
503 770 665 808 magnus
684 769 864 795 numerus
883 766 921 795 et
941 758 1218 795 classiariorum

76 831 124 856 ex
144 819 267 868 longis
297 819 457 856 navibus
474 819 615 856 nostris
637 819 673 855 in
706 818 844 855 molem
873 831 915 856 se
944 818 1072 868 ejecit.
1126 818 1219 856 Pars

76 891 206 917 eorum
227 879 353 916 studio
372 880 572 930 spectandi
587 879 798 922 serebatur3
828 892 916 930 pars
934 880 1049 916 etiam
1069 879 1216 929 cupidi-

74 947 154 977 tate
173 940 383 990 pugnandi.
435 940 487 976 Hi
503 940 666 990 primum
679 940 829 990 navigia
842 941 1008 978 hostium
1023 940 1212 991 lapidibus

75 1013 120 1037 ac
137 1000 265 1038 fundis
284 1013 307 1037 a
331 1001 432 1037 mole
464 1001 716 1051 repellebant,
751 1012 797 1039 ac
829 1001 990 1038 multum
1024 1000 1215 1051 proficere

75 1061 320 1098 multitudine
337 1061 499 1099 telorum
519 1061 756 1099 videbantur.
794 1062 885 1107 Sed,
902 1070 1102 1111 postquam
1119 1061 1219 1099 ultra

78 1135 164 1158 eum
184 1122 324 1167 locum,
351 1123 397 1159 ab
419 1122 538 1159 latere
558 1134 685 1159 eorum
705 1130 853 1172 aperto,
873 1122 953 1159 ausi
976 1129 1066 1159 sunt
1084 1122 1216 1172 egredi

77 1195 126 1220 ex
142 1183 299 1219 navibus
316 1182 569 1219 Alexandrini
588 1183 699 1233 pauci
715 1198 724 1225 ς
743 1190 783 1220 ut
797 1183 879 1220 sine
894 1182 1012 1233 signis
1025 1181 1216 1233 certisque

75 1243 283 1288 ordinibus,
311 1243 392 1280 sine
411 1242 876 1293 ratione,prodierant,sic
892 1251 1036 1281 temere
1051 1244 1090 1280 in
1102 1255 1217 1280 naves

73 1303 249 1354 refugere
276 1312 499 1354 coeperunt.
553 1305 725 1345 Quorum
742 1303 833 1354 fuga
851 1304 1014 1350 incitati,
1041 1304 1214 1341 Alexan-

74 1364 171 1401 drini
191 1364 318 1415 plures
336 1377 387 1401 ex
407 1364 564 1401 navibus
582 1363 895 1415 egrediebantur,
929 1373 1154 1414 nostrosque
1173 1377 1215 1402 a·

43 1456 46 1459 .
75 1424 175 1462 orius
193 1425 436 1475 perturbatos
456 1425 766 1476 insequebantur.
819 1424 955 1471 Simul,
975 1425 1092 1476 quiin
1112 1425 1217 1462 navi-

77 1485 148 1522 bus
176 1485 300 1536 longis
331 1493 604 1531 remanserant,
634 1485 755 1523 scalas
785 1497 932 1536 rapere,
965 1497 1157 1535 navesque
1195 1498 1218 1523 a

83 1552 185 1583 terra
203 1546 401 1596 repellere,
430 1547 702 1596 properabant,
720 1558 769 1583 ne
787 1546 917 1583 hostes
934 1546 1092 1583 navibus
1118 1546 1218 1596 poti·

83 1613 226 1644 rentur.
263 1606 412 1648 Quibus
426 1607 600 1644 omnibus
614 1607 726 1644 rebus
737 1606 964 1657 perturbati,
979 1606 1117 1644 milites
1131 1619 1217 1644 nos-

80 1667 129 1704 tri
144 1667 357 1705 cohortium
371 1667 500 1712 trium,
515 1679 614 1717 quae
630 1667 665 1703 in
679 1675 797 1718 ponte
812 1679 857 1705 ac
876 1668 998 1718 prima
1008 1667 1109 1705 mole
1125 1680 1216 1705 con-

78 1728 266 1773 stiterant,
295 1741 412 1778 quum
431 1736 516 1778 post
535 1741 576 1765 se
590 1728 796 1765 clamorem
813 1729 1057 1773 exaudirent,
1086 1727 1217 1778 fugam

80 1801 233 1826 suorum
252 1788 439 1834 viderent,
466 1801 643 1839 magnam
663 1788 738 1825 vim
756 1789 920 1826 telorum
939 1789 1088 1826 adversi
1106 1789 1218 1826 susti-

74 1857 224 1894 nerent,
251 1849 376 1894 veriti,
408 1861 457 1886 ne
482 1850 530 1886 ab
550 1857 662 1899 tergo
677 1849 1061 1895 circumvenirentur,
1081 1857 1120 1887 et
1139 1849 1215 1886 dis·

76 1923 188 1948 cessu
207 1911 358 1948 navium
378 1910 532 1948 omnino
551 1910 677 1948 reditu
696 1910 1060 1956 intercluderentur,
1092 1910 1215 1948 muni-

77 1972 218 2009 tionem
239 1972 276 2008 in
306 1978 462 2022 pontem
492 1971 705 2010 institutam
736 1971 987 2022 reliquerunt,
1017 1979 1058 2009 et
1076 1984 1215 2022 magno

76 2043 188 2069 cursu
208 2032 355 2069 incitati
374 2032 423 2069 ad
443 2045 558 2070 naves
575 2032 883 2070 contenderunt:
921 2045 1083 2083 quorum
1114 2045 1216 2083 pars,

77 2092 269 2143 proximas
288 2102 400 2130 nacta
418 2105 547 2138 naves,
566 2092 811 2130 multitudine
830 2093 1026 2130 hominum
1045 2101 1160 2144 atque
1175 2106 1216 2132 ο·

75 2165 166 2189 nere
186 2152 365 2203 depressa
397 2159 454 2190 est
471 2168 480 2196 ;
506 2165 593 2203 pars
625 2153 818 2199 resistens,
850 2161 890 2191 et
921 2153 1098 2191 dubitans
1126 2155 1217 2205 quid

79 2219 179 2250 esset
197 2213 423 2263 capiendum
444 2213 606 2259 consilii,
634 2215 681 2253 ab
710 2214 984 2252 Alexandrinis
1012 2214 1223 2252 interfecta

79 2279 154 2316 est3
184 2273 357 2310 nonnulli
375 2273 548 2312 feliciore
573 2275 694 2320 exitu,
720 2275 924 2326 expeditas
943 2275 992 2312 ad
1010 2275 1216 2312 anchoram

80 2345 194 2371 naves
214 2335 428 2381 consecuti,
458 2335 669 2374 incolumes
695 2336 980 2381 discesserunt3
1010 2335 1136 2386 pauci,
1164 2335 1217 2373 al·
