1472 2664
226 263 300 300 248
533 258 763 299 INCERTI
792 260 1071 300 AUCTORIS

222 362 262 400 in
281 374 399 413 opere
418 362 574 400 distenti
595 370 736 410 essent,
766 363 915 414 equites
944 364 982 401 in
1002 363 1157 409 oliveto,
1188 363 1278 401 dum
1303 363 1374 415 lig-

222 430 376 469 nantur‚
396 422 590 461 interfecti
609 431 698 461 sunt
726 423 882 474 aliquot.
937 423 1043 462 Servi
1074 422 1377 474 transfugerunt,

223 483 289 534 qui
309 484 603 530 nunciaverunt,
631 495 665 521 a.
685 484 721 521 d.
745 498 793 521 111
817 484 1015 522 Nonarum
1036 484 1168 521 Martii
1188 485 1375 534 proelium

223 545 272 582 ad
306 545 492 582 Soriciam
512 545 615 595 quod
633 544 777 583 sactum
797 553 868 591 est,
897 558 946 582 ex
966 558 1012 582 eo
1033 552 1203 595 tempore
1232 552 1378 583 metum

222 618 306 643 esse
326 618 521 656 magnum,
541 613 580 643 et
597 606 748 644 Attium
768 607 910 644 Varum
928 606 1074 643 circum
1095 606 1251 644 castella
1270 618 1379 657 prae-

222 679 318 704 esse.
374 666 431 703 Eo
451 667 512 704 die
538 667 743 718 Pompeius
763 675 888 705 castra
906 667 1038 713 movit,
1067 674 1107 705 et
1126 674 1263 706 contra
1286 667 1378 705 His-

222 728 339 778 palim
359 727 397 764 in
417 727 558 765 011vet0
577 729 762 766 constitit.
817 729 959 767 Cacsar
987 729 1209 780 priusquam
1240 729 1377 767 eodem

221 796 280 826 est
300 787 512 840 profectUS,
538 789 629 826 luna
647 790 742 827 hora
760 790 915 828 circiter
934 802 973 826 vx
994 790 1073 827 visa
1091 798 1161 827 est.
1214 789 1276 828 Ita
1294 802 1376 827 cas-

221 849 290 886 tris
322 849 435 887 motis
456 849 638 896 Ucubim,
668 849 874 900 Pompeius
893 849 1138 900 praesidium,
1167 851 1272 901 quod
1291 850 1378 887 reli-

221 909 318 961 quit,
341 909 455 959 jussit
474 910 741 956 incenderent,
771 918 824 956 et,
854 910 989 948 deusto
1012 911 1166 962 oppido,
1195 912 1234 948 in
1255 919 1381 950 castra

217 971 364 1019 majora
383 982 424 1007 se
441 969 674 1020 reciperent.
714 970 936 1021 Insequenti
957 978 1128 1022 tempore
1144 971 1378 1022 Ventispon-

221 1038 261 1068 te
277 1031 460 1082 oppidum
480 1043 596 1081 quum
616 1043 841 1082 oppugnare
861 1032 1064 1082 coepisset,
1085 1032 1280 1071 deditione
1299 1033 1378 1070 sac-

222 1099 274 1138 ta,
303 1092 376 1130 iter
394 1091 488 1129 fecit
507 1091 545 1127 in
567 1091 790 1138 Carrucam,
819 1100 1031 1143 contraque
1051 1093 1277 1144 Pompeium
1298 1106 1378 1132 cas·

221 1161 281 1190 tra
301 1152 440 1203 posuit.
483 1152 689 1203 Pompeius
705 1153 901 1204 oppidum,
922 1155 1024 1204 quod
1040 1163 1173 1193 contra
1187 1168 1255 1192 sua
1270 1168 1378 1206 prae-

224 1214 321 1251 sidia
352 1222 482 1264 portas
515 1213 728 1259 clausisset,
759 1214 956 1258 incendit;
984 1215 1182 1266 milesque,
1211 1216 1275 1266 qui
1303 1216 1377 1253 fra-

220 1282 319 1313 trem
351 1287 461 1312 suum
495 1275 533 1311 in
564 1275 699 1312 castris
728 1275 957 1325 jugulasset,
996 1277 1232 1327 interceptus
1266 1284 1323 1314 est
1356 1289 1378 1313 a

222 1335 379 1381 nostris,
400 1342 439 1372 et
454 1335 543 1372 fusti
559 1349 773 1386 percussus.
803 1336 909 1374 Hine
929 1336 1065 1374 itinere
1080 1337 1197 1384 facto,
1218 1338 1256 1374 in
1276 1350 1377 1375 carn-

223 1411 315 1448 pum
349 1396 606 1434 Mundensem
628 1410 746 1447 quum
771 1404 871 1435 esset
901 1406 1072 1444 ventum,
1101 1406 1227 1437 castra
1245 1407 1379 1438 contra

224 1457 454 1508 Pompeium
476 1457 688 1495 constituit.

275 1518 465 1556 XXVIII.
531 1518 715 1569 Sequenti
742 1519 818 1566 die,
849 1520 1058 1571 quum-iter
1077 1520 1205 1558 facere
1238 1521 1380 1559 Caesar

222 1594 310 1618 cum
331 1580 450 1630 copiis
470 1580 599 1625 vellet,
628 1581 894 1619 renunciatum
915 1588 972 1619 est
991 1582 1039 1619 ab
1057 1581 1376 1632 speculatoribus,

220 1641 450 1692 Pompeium
471 1641 518 1678 de
539 1653 591 1678 111
612 1641 740 1692 vigilia
758 1642 797 1679 in
816 1642 899 1680 acie
918 1642 1081 1680 stetisse.
1128 1642 1219 1680 Hoc
1236 1643 1378 1680 nuncio

221 1703 351 1749 allato,
372 1703 554 1740 vexillum
570 1703 782 1754 proposuit.
819 1704 971 1741 Idcirco
987 1704 1087 1741 enim
1109 1704 1240 1753 copias
1254 1703 1378 1740 edux-

219 1772 315 1809 erat,
351 1764 454 1814 quod
475 1764 799 1802 Versaonensium
831 1765 976 1802 civitati
995 1764 1158 1802 fuissent
1184 1764 1379 1802 fautores:

220 1832 336 1863 antea
350 1825 479 1863 literas
494 1824 663 1870 miserat,
684 1824 887 1862 Caesarem
908 1825 1008 1862 nolle
1024 1825 1061 1861 in
1077 1824 1290 1862 convallem
1310 1824 1378 1862 de-

219 1886 419 1931 scendere,
440 1886 544 1936 quod
559 1887 741 1935 majorem
757 1892 904 1935 partem
920 1885 1115 1922 exercitus
1130 1884 1293 1922 tironem
1309 1884 1377 1922 ha-

220 1948 341 1984 beret.
398 1946 486 1984 Hae
504 1946 638 1984 literae
657 1946 906 1984 vehementer
935 1946 1211 1984 confirmabant
1231 1953 1378 1984 mentes

222 2007 513 2058 oppidanorum.
559 2008 632 2053 Ita,
664 2007 736 2045 hac
755 2006 937 2057 opinione
955 2006 1090 2052 fretus,
1117 2014 1240 2044 totum
1261 2019 1301 2044 se
1321 2006 1376 2045 fa-

220 2081 309 2106 cere
337 2081 448 2119 posse
468 2068 733 2106 existimabat:
763 2068 904 2106 etenim
924 2076 963 2106 et
982 2075 1119 2106 natura
1137 2068 1212 2105 loci
1242 2067 1375 2105 defen-

221 2128 398 2174 debatur,
419 2136 456 2166 et
477 2129 595 2179 ipsius
615 2129 744 2180 oppidi
764 2129 991 2175 munitione,
1012 2129 1077 2167 ubi
1097 2136 1222 2166 castra
1240 2128 1373 2166 habuit

224 2189 445 2228 constituta.
483 2189 675 2241 Namque,
697 2198 737 2228 ut
752 2191 927 2241 superius
946 2189 1301 2233 demonstravimus,
1320 2189 1377 2226 lo·

223 2263 268 2288 ca
296 2250 526 2289 excellentia
544 2251 699 2290 tumulis
720 2252 934 2296 contineri3
963 2251 1112 2290 interim
1134 2250 1238 2288 nulla
1256 2249 1376 2301 plani-

223 2311 276 2349 tia
295 2310 445 2350 dividit.
