1472 2664
251 227 325 262 ΞΜ
559 222 785 261 INCERTI
814 224 1092 262 AUCTORIS

246 326 312 376 qui
342 325 520 378 praesidii
540 338 673 364 caussa
692 328 738 364 ab
766 326 825 363 his
845 327 1120 378 reciperentur.
1175 329 1250 371 Qui
1280 343 1396 380 quum

246 387 293 424 ad
315 387 497 438 oppidum
518 387 725 433 venissent,
745 388 878 433 nostri,
900 388 963 438 qui
980 388 1139 426 fuissent
1154 390 1302 440 equites
1320 390 1397 428 Ro-

243 449 345 485 mani
365 455 403 486 et
421 455 632 492 senatores,
660 461 736 485 non
756 456 843 486 sunt
865 449 945 486 ausi
966 449 1123 487 introire
1142 450 1180 486 in
1201 451 1397 501 oppidum,

244 515 512 559 praeterquam
532 509 597 559 qui
617 511 698 558 ejus
719 509 882 546 civitatis
901 509 1076 547 fuissent.
1124 512 1297 552 Quorum
1319 525 1397 549 res-

242 569 372 619 ponsis
400 569 502 606 ultro
529 570 705 620 citroque
736 571 905 621 acceptis
935 579 972 608 et
1001 571 1172 616 redditis,
1202 585 1318 621 quum
1350 572 1398 609 ad

244 637 394 667 nostros
413 642 454 667 se
474 631 704 681 reciperent,
726 632 789 684 qui
809 639 920 668 extra
940 632 1121 682 oppidum
1141 632 1316 678 fuissent,
1344 633 1399 669 ini

243 690 291 727 de
310 690 501 740 praesidio
522 691 684 729 insecuti
703 705 753 729 ex
772 693 970 730 aversione
990 693 1136 743 iegatos
1160 693 1398 743 jugularunt.

243 749 335 786 Duo
356 749 507 800 reliqui,
533 750 598 801 qui
617 764 668 788 ex
687 751 732 788 iis
751 753 946 802 fugerunt,
976 753 1130 790 Caesari
1150 766 1229 789 rem
1249 760 1397 803 gestam

242 813 478 859 detulerunt,
499 822 539 852 et
558 815 820 865 speculatores
839 815 888 852 ad
907 816 1089 866 oppidum
1113 817 1306 866 Ateguam
1328 817 1396 852 mi-

243 882 388 913 serunt.
442 875 518 917 Qui
551 888 669 927 quum
689 884 837 913 certum
865 877 1155 926 comperissent,
1182 876 1398 927 legatorum

242 948 428 986 responsa
457 936 511 973 ita
541 949 623 974 esse
654 944 779 987 gesta,
808 936 1129 987 quemadmodum
1164 936 1218 972 illi
1248 937 1398 974 retulis-

242 1003 342 1042 sent,
375 997 423 1034 ab
444 997 644 1047 oppidanis
664 1009 858 1035 concursu
878 997 996 1043 facto,
1025 1010 1125 1042 eum,
1154 997 1218 1047 qui
1250 997 1399 1047 legatos

235 1058 465 1108 jugulasset,
494 1058 665 1108 lapidare
684 1066 724 1096 et
743 1058 778 1095 ei
797 1070 930 1095 manus
951 1058 1140 1095 intentare
1160 1066 1395 1108 coeperunt:

244 1118 343 1156 illius
362 1132 479 1169 opera
498 1131 538 1156 se
558 1121 715 1170 perisse.
762 1119 821 1157 Ita
840 1119 904 1155 vix
924 1118 1096 1169 periculo
1116 1119 1311 1164 liberium,
1332 1132 1397 1168 pe-

246 1179 308 1216 tiit
326 1181 374 1217 ab
402 1180 617 1230 oppidanis,
650 1188 692 1217 ut
720 1180 755 1217 ei
774 1180 910 1218 liceret
929 1181 1094 1229 legatum
1117 1180 1164 1216 ad
1193 1181 1397 1218 Caesarem

239 1240 454 1290 proficisci:
474 1240 527 1277 illi
547 1253 587 1278 se
603 1240 899 1278 satisfacturum.
941 1240 1138 1278 Potestatc
1159 1241 1261 1286 data,
1281 1255 1398 1291 quum

240 1300 329 1337 inde
350 1308 452 1338 esset
469 1301 681 1351 profectus,
700 1301 891 1351 praesidio
907 1309 1144 1351 comparato,
1165 1315 1281 1353 quum
1298 1304 1397 1340 bene

239 1373 417 1411 magnam
434 1375 587 1400 manum
602 1362 771 1408 fecisset,
791 1371 831 1400 et
845 1370 1035 1399 nocturno
1052 1370 1225 1413 tempore
1242 1377 1309 1414 per
1329 1363 1397 1402 fal·

241 1422 378 1460 laciam
399 1424 436 1460 in
456 1423 639 1474 oppidum
660 1431 762 1461 esset
779 1431 972 1474 receptus,
988 1424 1270 1473 jugulationem
1290 1438 1396 1475 mag-

240 1495 328 1520 nam
344 1482 448 1521 facit.
493 1483 829 1534 Principibusque,
845 1484 909 1535 qui
929 1484 1000 1521 sibi
1020 1485 1199 1522 contrarii
1219 1485 1394 1531 fuissent,

242 1544 468 1590 interfectis,
490 1544 675 1595 oppidum
695 1546 732 1582 in
748 1558 853 1582 suam
876 1536 1105 1595 potestatem
1123 1546 1270 1597 recipit.
1307 1547 1398 1585 Hoc

239 1605 447 1655 praeterito
463 1613 650 1656 tempore,
669 1606 767 1643 servi
783 1605 1004 1656 transfugae
1020 1608 1314 1653 nunciaverunt,
1329 1622 1396 1659 op-

239 1666 466 1716 pidanorum
486 1668 588 1704 bona
605 1667 785 1713 vendere,
817 1681 888 1705 nec
908 1668 970 1705 cui
990 1676 1099 1705 extra
1117 1669 1254 1706 vallum
1277 1669 1395 1707 licere

240 1727 361 1772 exire,
391 1727 462 1764 nisi
489 1728 744 1766 discinctum:
775 1729 1010 1779 idcircoque,
1038 1741 1086 1765 ex
1107 1743 1182 1779 quo
1203 1730 1265 1767 die
1285 1731 1394 1781 oppi-

241 1788 331 1824 dum
355 1789 511 1837 Ategua
531 1796 632 1826 esset
652 1796 821 1839 captum,
843 1799 945 1826 metu
967 1789 1197 1826 conterritos
1218 1789 1393 1838 complu-

238 1862 300 1886 res
331 1849 538 1899 profugere
569 1850 606 1886 in
638 1849 870 1894 Baeturiam,
901 1862 1026 1899 neque
1046 1849 1117 1886 sibi
1147 1849 1260 1886 ullam
1289 1862 1395 1899 spem

239 1910 424 1947 victoriae
454 1910 688 1961 propositam
719 1910 886 1951 habcre3
923 1921 975 1955 ct,
1008 1910 1038 1947 si
1067 1910 1150 1959 quis
1178 1923 1225 1946 ex
1257 1910 1395 1947 nostris

239 1970 505 2020 transfugerit,
543 1971 580 2007 in
613 1971 736 2008 levem
769 1978 999 2008 armaturam
1033 1970 1188 2021 conjici,
1229 1983 1395 2021 eumque

239 2044 316 2068 non
340 2032 501 2081 amplius
532 2044 607 2069 XVI
627 2032 818 2082 accipere.

289 2091 441 2128 XXIII.
494 2092 717 2143 Insequenti
747 2100 920 2142 tempore
950 2093 1090 2131 Caesar
1110 2092 1242 2129 castris
1271 2100 1396 2129 castra

240 2153 419 2198 contulit,
453 2162 492 2191 et
511 2154 710 2191 brachium
730 2154 778 2191 ad
809 2154 950 2190 flumen
975 2154 1120 2191 Salsum
1143 2154 1286 2190 ducere
1307 2167 1395 2190 coe-

241 2213 310 2263 pit.
349 2212 428 2250 Hic
448 2213 538 2250 dum
554 2214 592 2251 in
613 2227 728 2264 opere
747 2215 866 2250 nostri
884 2214 1040 2250 distenti
1059 2221 1201 2258 essent,
1221 2214 1392 2264 complu-

239 2287 298 2313 res
330 2287 380 2312 ex
399 2274 595 2326 superiore
616 2275 702 2313 loco
733 2274 1035 2313 adversariorum
1064 2275 1393 2314 decucurrerunt:
