1472 2664
160 269 183 301 4·
454 265 527 302 DE
568 264 745 303 BELLO
787 267 953 305 CIVILI

161 366 298 404 centia.
353 366 474 405 Erant
493 369 710 419 complures
725 370 875 407 honesti
894 370 1172 416 adolescentes,
1192 384 1300 409 sena⁶

159 434 285 464 torum
305 427 385 474 filii,
411 435 449 465 et
469 429 612 466 ordinis
639 430 854 480 equestris:
886 438 995 468 erant
1021 431 1232 480 legationes
1251 432 1305 469 ci-

158 488 342 526 vitatum:
369 498 478 527 erant
498 490 612 538 legati
633 490 819 527 Caesaris.
874 491 959 527 Hos
987 504 1118 528 omnes
1147 492 1306 529 flumina

160 550 422 588 continebant.
465 552 527 588 Ad
549 551 616 588 bos
632 551 917 600 opprimendos,
934 565 1020 588 cum
1037 552 1138 588 omni
1159 552 1306 602 equita·

160 617 216 656 tu,
239 623 369 662 Inque
383 611 611 662 legionibus,
633 611 816 647 Afranius
836 611 883 648 de
899 618 1013 648 nocte
1034 612 1306 661 proficiscitur,

158 671 495 722 imprudentesque
512 678 602 708 ante
621 671 742 708 missis
758 671 949 721 equitibus
969 672 1204 721 aggreditur.
1234 673 1307 710 Ce-

158 732 289 770 leriter
308 741 435 770 tamen
455 745 538 769 sese
559 732 662 768 Galli
683 732 832 782 equites
852 733 1077 782 expediunt,
1098 733 1304 783 proelium-

159 806 234 842 que
265 793 520 830 committunt.
575 793 644 837 Hi,
673 793 763 829 dum
783 792 865 843 pari
894 793 1102 830 certamine
1133 806 1192 830 res
1221 794 1305 843 geri

158 855 298 904 potuit,
327 867 507 903 magnum
528 853 692 890 hostium
713 867 913 891 numerum
934 854 1047 904 pauci
1068 855 1308 898 sustinuere;

158 915 240 960 sed,
278 914 343 951 ubi
375 914 482 963 signa
513 914 709 963 legionum
742 914 1048 964 appropinquare
1081 922 1307 964 coeperunt,

158 974 291 1024 paucis
318 973 479 1018 amissis,
512 986 594 1010 sese
624 973 662 1009 in
682 980 832 1010 montes
864 974 1060 1024 proximos
1089 974 1305 1012 conferunt.

157 1034 248 1071 Hoc
267 1047 418 1084 pugnae
438 1040 588 1084 tempus
608 1047 788 1083 magnum
818 1034 946 1071 attulit
966 1034 1103 1072 nostris
1131 1035 1179 1072 ad
1208 1036 1307 1072 salu-

158 1102 235 1131 tem
257 1102 518 1137 momentum;
550 1094 653 1132 nacti
672 1095 773 1131 enim
792 1095 955 1144 spatium
976 1108 1015 1132 se
1036 1095 1073 1131 in
1094 1096 1181 1132 loca
1196 1109 1309 1146 supe-

158 1155 260 1192 riora
288 1162 529 1205 receperunt.
584 1154 804 1191 Desiderati
835 1163 923 1191 sunt
956 1168 1001 1192 eo
1031 1156 1093 1192 die
1124 1156 1309 1206 sagittarii

159 1215 314 1252 circiter
330 1227 392 1259 cc,
412 1214 559 1264 equites
579 1214 706 1264 pauci,
727 1214 904 1252 calonum
920 1222 1035 1266 atque
1056 1216 1307 1266 impedimen-

157 1283 283 1313 torum
304 1288 380 1312 non
397 1288 556 1324 magnus
576 1288 770 1312 numerus.

210 1335 299 1371 LII.
355 1335 428 1371 His
448 1342 576 1372 tamen
597 1336 772 1372 omnibus
791 1349 943 1374 annona
962 1338 1107 1375 crevit:
1137 1351 1234 1389 quae
1254 1338 1309 1376 fe·

159 1411 201 1435 re
220 1409 279 1434 res
298 1409 376 1433 non
395 1396 518 1433 solum
546 1396 674 1447 inopia
699 1398 927 1447 praesentis,
959 1400 1027 1437 sed
1046 1399 1161 1436 etiam
1191 1400 1311 1437 futuri

158 1457 342 1508 temporis
362 1457 513 1502 timore,
534 1457 799 1507 ingravescere
820 1461 1030 1497 consuevit.
1075 1460 1240 1511 Jamque
1260 1462 1310 1498 ad

161 1518 339 1555 denarios
366 1529 389 1554 L
413 1518 449 1554 in
471 1517 639 1567 singulos
660 1518 807 1554 modios
827 1532 978 1556 annona
1007 1528 1249 1569 pervenerat,
1269 1527 1309 1558 et

162 1579 325 1616 militum
356 1578 454 1615 vires
475 1578 603 1628 inopia
621 1577 802 1615 frumenti
830 1578 1083 1621 diminuerat;
1111 1587 1226 1630 atque
1253 1580 1309 1616 in·

161 1638 364 1676 commoda
395 1638 431 1673 in
453 1638 532 1675 dies
562 1639 825 1680 augebantur:
858 1646 896 1676 et
922 1647 999 1676 tam
1018 1640 1151 1689 paucis
1171 1640 1306 1677 diebus

161 1712 300 1747 magna
328 1706 409 1735 erat
442 1712 568 1735 rerum
588 1698 690 1735 sacta
722 1699 985 1744 commutatio,
1019 1711 1063 1736 ac
1088 1713 1128 1735 se
1158 1699 1313 1736 fortuna

164 1760 427 1803 inclinaverat,
444 1767 483 1796 ut
505 1759 624 1796 nostri
639 1771 776 1809 magna
791 1759 918 1809 inopia
934 1759 1233 1796 necessariarum
1252 1772 1311 1796 re-

164 1833 246 1857 rum
268 1820 607 1862 conflictarentur3
635 1820 688 1856 illi
708 1820 884 1856 omnibus
914 1820 1154 1857 abundarent
1182 1821 1309 1866 rebus,

163 1881 458 1931 superioresque
474 1881 720 1918 haberentur.
749 1880 946 1918 Caesariis
963 1880 1194 1924 civitatibus,
1216 1895 1313 1931 quae

163 1943 212 1979 ad
225 1944 306 1992 ejus
320 1942 523 1979 amicitiam
540 1949 796 1986 accesserant,
817 1954 892 1991 quo
908 1941 1031 1977 minor
1047 1950 1127 1978 erat
1143 1942 1312 1979 frumen-

165 2003 194 2039 ti
215 2003 338 2052 copia,
373 2015 489 2052 pecus
519 2003 751 2052 imperabat3
780 2002 932 2038 calones
951 2002 998 2038 ad
1028 2001 1312 2053 longinquiores

166 2063 340 2099 civitates
361 2064 598 2101 dimittebat:
619 2063 700 2112 ipse
719 2071 958 2113 praesentem
976 2062 1157 2112 inopiam,
1177 2063 1315 2113 quibus

165 2132 317 2173 poterat
337 2124 526 2169 subsidiis,
547 2126 758 2161 tutabatur.

218 2184 327 2220 LIII.
382 2184 493 2221 Haec
517 2184 699 2221 Afranius
721 2184 972 2234 Petreiusque
993 2192 1178 2221 eteorum
1200 2184 1313 2222 amici

165 2245 341 2295 pleniora
370 2246 484 2282 etiarn
505 2254 620 2295 atque
642 2246 817 2282 uberiora
846 2245 1008 2283 Romam
1037 2246 1085 2282 ad
1113 2259 1199 2283 suos
1228 2258 1314 2295 per·

168 2306 399 2343 scribebant.
454 2305 582 2343 Multa
601 2319 730 2343 rumor
748 2305 931 2356 fingebat,
962 2314 1003 2342 ut
1022 2318 1144 2356 paene
1170 2307 1311 2344 bellum
