<?xml version="1.0" encoding="UTF-8"?>
<!DOCTYPE html PUBLIC "-//W3C//DTD XHTML 1.0 Transitional//EN"
    "http://www.w3.org/TR/xhtml1/DTD/xhtml1-transitional.dtd">
<html xmlns="http://www.w3.org/1999/xhtml" xml:lang="en" lang="en">
 <head>
  <title>
</title>
<meta http-equiv="Content-Type" content="text/html;charset=utf-8" />
  <meta name='ocr-system' content='tesseract 3.04.00' />
  <meta name='ocr-capabilities' content='ocr_page ocr_carea ocr_par ocr_line ocrx_word'/>
</head>
<body>
  <div class='ocr_page' id='page_1' title='image "./debellogallicoet02caesuoft_0183.png"; bbox 0 0 1472 2664; ppageno 0'>
   <div class='ocr_carea' id='block_1_1' title="bbox 316 252 1229 296">
    <p class='ocr_par' dir='ltr' id='par_1_1' title="bbox 316 252 1229 296">
     <span class='ocr_line' id='line_1_1' title="bbox 316 252 1229 296; baseline 0.007 -6"><span class='ocrx_word' id='word_1_1' title='bbox 316 253 391 291; x_wconf 90' lang='lat' dir='ltr'>DE</span> <span class='ocrx_word' id='word_1_2' title='bbox 420 253 600 292; x_wconf 89' lang='lat' dir='ltr'>BELLO</span> <span class='ocrx_word' id='word_1_3' title='bbox 629 252 792 291; x_wconf 85' lang='lat' dir='ltr'>ALEX.</span> <span class='ocrx_word' id='word_1_4' title='bbox 818 253 997 293; x_wconf 88' lang='lat' dir='ltr'><strong>LIBER.</strong></span> <span class='ocrx_word' id='word_1_5' title='bbox 1156 259 1229 296; x_wconf 83' lang='lat'>155</span> 
     </span>
    </p>
   </div>
   <div class='ocr_carea' id='block_1_2' title="bbox 84 356 1240 2356">
    <p class='ocr_par' dir='ltr' id='par_1_2' title="bbox 85 356 1234 893">
     <span class='ocr_line' id='line_1_2' title="bbox 89 356 1232 409; baseline 0.003 -15"><span class='ocrx_word' id='word_1_6' title='bbox 89 358 241 395; x_wconf 89' lang='lat' dir='ltr'>Horum</span> <span class='ocrx_word' id='word_1_7' title='bbox 261 356 391 395; x_wconf 90' lang='lat' dir='ltr'>odium</span> <span class='ocrx_word' id='word_1_8' title='bbox 411 357 691 395; x_wconf 89' lang='lat' dir='ltr'>confirmabant</span> <span class='ocrx_word' id='word_1_9' title='bbox 708 357 883 395; x_wconf 88' lang='lat' dir='ltr'>nonnulli</span> <span class='ocrx_word' id='word_1_10' title='bbox 899 358 1104 396; x_wconf 83' lang='lat' dir='ltr'>familiares</span> <span class='ocrx_word' id='word_1_11' title='bbox 1123 360 1232 409; x_wconf 87' lang='lat' dir='ltr'>ejus:</span> 
     </span>
     <span class='ocr_line' id='line_1_3' title="bbox 87 416 1232 469; baseline 0.003 -15"><span class='ocrx_word' id='word_1_12' title='bbox 87 416 167 467; x_wconf 86' lang='lat' dir='ltr'>qui,</span> <span class='ocrx_word' id='word_1_13' title='bbox 186 429 305 468; x_wconf 89' lang='lat' dir='ltr'>quum</span> <span class='ocrx_word' id='word_1_14' title='bbox 323 416 361 454; x_wconf 92' lang='lat' dir='ltr'>in</span> <span class='ocrx_word' id='word_1_15' title='bbox 377 417 442 454; x_wconf 90' lang='lat' dir='ltr'>illa</span> <span class='ocrx_word' id='word_1_16' title='bbox 459 417 646 455; x_wconf 89' lang='lat' dir='ltr'>societate</span> <span class='ocrx_word' id='word_1_17' title='bbox 661 426 906 456; x_wconf 83' lang='lat' dir='ltr'>versarentur</span> <span class='ocrx_word' id='word_1_18' title='bbox 924 419 1156 469; x_wconf 85' lang='lat' dir='ltr'>rapinarum,</span> <span class='ocrx_word' id='word_1_19' title='bbox 1174 419 1232 457; x_wconf 91' lang='lat' dir='ltr'>ni-</span> 
     </span>
     <span class='ocr_line' id='line_1_4' title="bbox 87 477 1232 530; baseline 0.002 -16"><span class='ocrx_word' id='word_1_20' title='bbox 87 477 166 515; x_wconf 91' lang='lat' dir='ltr'><strong>hilo</strong></span> <span class='ocrx_word' id='word_1_21' title='bbox 183 477 307 515; x_wconf 90' lang='lat' dir='ltr'>minus</span> <span class='ocrx_word' id='word_1_22' title='bbox 326 478 487 516; x_wconf 88' lang='lat' dir='ltr'>oderant</span> <span class='ocrx_word' id='word_1_23' title='bbox 505 491 607 524; x_wconf 90' lang='lat' dir='ltr'>eum,</span> <span class='ocrx_word' id='word_1_24' title='bbox 627 479 737 528; x_wconf 90' lang='lat' dir='ltr'>cujus</span> <span class='ocrx_word' id='word_1_25' title='bbox 752 478 907 516; x_wconf 89' lang='lat' dir='ltr'>nomine</span> <span class='ocrx_word' id='word_1_26' title='bbox 920 479 1154 530; x_wconf 80' lang='lat' dir='ltr'>peccabant:</span> <span class='ocrx_word' id='word_1_27' title='bbox 1182 480 1232 516; x_wconf 87' lang='lat' dir='ltr'>si-</span> 
     </span>
     <span class='ocr_line' id='line_1_5' title="bbox 86 538 1232 590; baseline 0.001 -15"><span class='ocrx_word' id='word_1_28' title='bbox 86 538 216 589; x_wconf 88' lang='lat' dir='ltr'>bique,</span> <span class='ocrx_word' id='word_1_29' title='bbox 231 538 334 589; x_wconf 91' lang='lat' dir='ltr'>quod</span> <span class='ocrx_word' id='word_1_30' title='bbox 349 546 569 589; x_wconf 83' lang='lat' dir='ltr'>rapuerant,</span> <span class='ocrx_word' id='word_1_31' title='bbox 584 545 788 589; x_wconf 88' lang='lat' dir='ltr'>acceptum</span> <span class='ocrx_word' id='word_1_32' title='bbox 803 538 1038 583; x_wconf 63' lang='lat' dir='ltr'>referebam</span> <span class='ocrx_word' id='word_1_33' title='bbox 1057 539 1161 590; x_wconf 87' lang='lat' dir='ltr'>quod</span> <span class='ocrx_word' id='word_1_34' title='bbox 1174 539 1232 577; x_wconf 90' lang='lat' dir='ltr'>in-</span> 
     </span>
     <span class='ocr_line' id='line_1_6' title="bbox 86 599 1232 651; baseline 0.001 -15"><span class='ocrx_word' id='word_1_35' title='bbox 86 599 308 644; x_wconf 87' lang='lat' dir='ltr'>terciderat,</span> <span class='ocrx_word' id='word_1_36' title='bbox 328 606 394 636; x_wconf 89' lang='lat' dir='ltr'>aut</span> <span class='ocrx_word' id='word_1_37' title='bbox 409 607 491 636; x_wconf 92' lang='lat' dir='ltr'>erat</span> <span class='ocrx_word' id='word_1_38' title='bbox 508 599 808 650; x_wconf 89' lang='lat' dir='ltr'>interpellatum,</span> <span class='ocrx_word' id='word_1_39' title='bbox 827 599 959 638; x_wconf 91' lang='lat' dir='ltr'>Cassio</span> <span class='ocrx_word' id='word_1_40' title='bbox 974 601 1232 651; x_wconf 88' lang='lat' dir='ltr'>assignabant.</span> 
     </span>
     <span class='ocr_line' id='line_1_7' title="bbox 87 659 1234 712; baseline 0.002 -16"><span class='ocrx_word' id='word_1_41' title='bbox 87 671 114 696; x_wconf 90' lang='lat' dir='ltr'><strong>v</strong></span> <span class='ocrx_word' id='word_1_42' title='bbox 133 659 328 709; x_wconf 83' lang='lat' dir='ltr'>legionem</span> <span class='ocrx_word' id='word_1_43' title='bbox 346 671 483 697; x_wconf 91' lang='lat' dir='ltr'>novam</span> <span class='ocrx_word' id='word_1_44' title='bbox 503 659 725 698; x_wconf 83' lang='lat' dir='ltr'>conscribit.</span> <span class='ocrx_word' id='word_1_45' title='bbox 779 661 961 712; x_wconf 88' lang='lat' dir='ltr'>Augetur</span> <span class='ocrx_word' id='word_1_46' title='bbox 975 661 1106 699; x_wconf 90' lang='lat' dir='ltr'>odium</span> <span class='ocrx_word' id='word_1_47' title='bbox 1124 669 1164 699; x_wconf 91' lang='lat' dir='ltr'>et</span> <span class='ocrx_word' id='word_1_48' title='bbox 1183 674 1234 699; x_wconf 81' lang='lat' dir='ltr'>ex</span> 
     </span>
     <span class='ocr_line' id='line_1_8' title="bbox 86 719 1233 773; baseline 0.001 -16"><span class='ocrx_word' id='word_1_49' title='bbox 86 720 169 771; x_wconf 84' lang='lat' dir='ltr'>ipso</span> <span class='ocrx_word' id='word_1_50' title='bbox 188 719 348 766; x_wconf 90' lang='lat' dir='ltr'>dilectu,</span> <span class='ocrx_word' id='word_1_51' title='bbox 373 726 413 757; x_wconf 90' lang='lat' dir='ltr'>et</span> <span class='ocrx_word' id='word_1_52' title='bbox 430 727 559 758; x_wconf 89' lang='lat' dir='ltr'>sumtu</span> <span class='ocrx_word' id='word_1_53' title='bbox 577 720 731 758; x_wconf 84' lang='lat' dir='ltr'>additae</span> <span class='ocrx_word' id='word_1_54' title='bbox 749 720 925 772; x_wconf 88' lang='lat' dir='ltr'>legionis.</span> <span class='ocrx_word' id='word_1_55' title='bbox 979 722 1233 773; x_wconf 88' lang='lat' dir='ltr'>Complentur</span> 
     </span>
     <span class='ocr_line' id='line_1_9' title="bbox 86 780 1232 833; baseline 0.003 -16"><span class='ocrx_word' id='word_1_56' title='bbox 86 780 261 832; x_wconf 87' lang='lat' dir='ltr'>equitum</span> <span class='ocrx_word' id='word_1_57' title='bbox 290 791 342 817; x_wconf 90' lang='lat'>111</span> <span class='ocrx_word' id='word_1_58' title='bbox 372 780 502 826; x_wconf 89' lang='lat' dir='ltr'>millia,</span> <span class='ocrx_word' id='word_1_59' title='bbox 529 781 783 832; x_wconf 88' lang='lat' dir='ltr'>maximisque</span> <span class='ocrx_word' id='word_1_60' title='bbox 815 790 1001 819; x_wconf 90' lang='lat' dir='ltr'>ornantur</span> <span class='ocrx_word' id='word_1_61' title='bbox 1030 781 1232 833; x_wconf 85' lang='lat' dir='ltr'>impensis:</span> 
     </span>
     <span class='ocr_line' id='line_1_10' title="bbox 85 841 805 893; baseline 0.003 -15"><span class='ocrx_word' id='word_1_62' title='bbox 85 853 158 880; x_wconf 91' lang='lat' dir='ltr'>nec</span> <span class='ocrx_word' id='word_1_63' title='bbox 174 841 394 892; x_wconf 89' lang='lat' dir='ltr'>provinciae</span> <span class='ocrx_word' id='word_1_64' title='bbox 412 841 526 879; x_wconf 90' lang='lat' dir='ltr'>datur</span> <span class='ocrx_word' id='word_1_65' title='bbox 544 841 622 879; x_wconf 91' lang='lat' dir='ltr'>ulla</span> <span class='ocrx_word' id='word_1_66' title='bbox 640 841 805 893; x_wconf 86' lang='lat' dir='ltr'>requies.</span> 
     </span>
    </p>

    <p class='ocr_par' dir='ltr' id='par_1_3' title="bbox 84 902 1238 1745">
     <span class='ocr_line' id='line_1_11' title="bbox 136 902 1232 953; baseline 0.001 -13"><span class='ocrx_word' id='word_1_67' title='bbox 136 902 205 940; x_wconf 91' lang='lat' dir='ltr'>LI.</span> <span class='ocrx_word' id='word_1_68' title='bbox 258 902 419 941; x_wconf 86' lang='lat' dir='ltr'>Interim</span> <span class='ocrx_word' id='word_1_69' title='bbox 438 902 569 940; x_wconf 84' lang='lat' dir='ltr'>literas</span> <span class='ocrx_word' id='word_1_70' title='bbox 588 902 742 953; x_wconf 88' lang='lat' dir='ltr'>accepit</span> <span class='ocrx_word' id='word_1_71' title='bbox 767 916 790 941; x_wconf 91' lang='lat' dir='ltr'>a</span> <span class='ocrx_word' id='word_1_72' title='bbox 809 903 987 950; x_wconf 86' lang='lat' dir='ltr'>Caesare,</span> <span class='ocrx_word' id='word_1_73' title='bbox 1007 912 1050 941; x_wconf 91' lang='lat' dir='ltr'>ut</span> <span class='ocrx_word' id='word_1_74' title='bbox 1068 903 1106 940; x_wconf 92' lang='lat' dir='ltr'>in</span> <span class='ocrx_word' id='word_1_75' title='bbox 1128 903 1232 941; x_wconf 86' lang='lat' dir='ltr'>Afri-</span> 
     </span>
     <span class='ocr_line' id='line_1_12' title="bbox 86 963 1233 1015; baseline 0.001 -13"><span class='ocrx_word' id='word_1_76' title='bbox 86 977 171 1002; x_wconf 88' lang='lat' dir='ltr'>cam</span> <span class='ocrx_word' id='word_1_77' title='bbox 190 963 404 1002; x_wconf 87' lang='lat' dir='ltr'>exercitum</span> <span class='ocrx_word' id='word_1_78' title='bbox 431 964 686 1013; x_wconf 88' lang='lat' dir='ltr'>transjiceret,</span> <span class='ocrx_word' id='word_1_79' title='bbox 716 976 862 1015; x_wconf 90' lang='lat' dir='ltr'>perque</span> <span class='ocrx_word' id='word_1_80' title='bbox 883 963 1158 1003; x_wconf 86' lang='lat' dir='ltr'>Mauritaniam</span> <span class='ocrx_word' id='word_1_81' title='bbox 1183 965 1233 1003; x_wconf 88' lang='lat' dir='ltr'>ad</span> 
     </span>
     <span class='ocr_line' id='line_1_13' title="bbox 84 1023 1234 1077; baseline 0.001 -15"><span class='ocrx_word' id='word_1_82' title='bbox 84 1025 181 1062; x_wconf 88' lang='lat' dir='ltr'>fines</span> <span class='ocrx_word' id='word_1_83' title='bbox 199 1024 408 1062; x_wconf 87' lang='lat' dir='ltr'>Numidiae</span> <span class='ocrx_word' id='word_1_84' title='bbox 426 1024 666 1075; x_wconf 91' lang='lat' dir='ltr'>perveniret;</span> <span class='ocrx_word' id='word_1_85' title='bbox 684 1023 790 1075; x_wconf 87' lang='lat' dir='ltr'>quod</span> <span class='ocrx_word' id='word_1_86' title='bbox 802 1037 942 1075; x_wconf 84' lang='lat' dir='ltr'>magna</span> <span class='ocrx_word' id='word_1_87' title='bbox 956 1024 1028 1062; x_wconf 88' lang='lat' dir='ltr'>Cn.</span> <span class='ocrx_word' id='word_1_88' title='bbox 1047 1024 1234 1077; x_wconf 91' lang='lat' dir='ltr'>Pompeio</span> 
     </span>
     <span class='ocr_line' id='line_1_14' title="bbox 84 1085 1234 1137; baseline 0 -14"><span class='ocrx_word' id='word_1_89' title='bbox 84 1086 110 1123; x_wconf 85' lang='lat' dir='ltr'>J</span> <span class='ocrx_word' id='word_1_90' title='bbox 114 1086 189 1124; x_wconf 89' lang='lat' dir='ltr'>uba</span> <span class='ocrx_word' id='word_1_91' title='bbox 206 1098 277 1124; x_wconf 84' lang='lat' dir='ltr'>rex</span> <span class='ocrx_word' id='word_1_92' title='bbox 295 1085 452 1124; x_wconf 89' lang='lat' dir='ltr'>miserat</span> <span class='ocrx_word' id='word_1_93' title='bbox 470 1085 625 1131; x_wconf 86' lang='lat' dir='ltr'>auxilia,</span> <span class='ocrx_word' id='word_1_94' title='bbox 659 1086 880 1137; x_wconf 88' lang='lat' dir='ltr'>majoraque</span> <span class='ocrx_word' id='word_1_95' title='bbox 900 1085 1083 1123; x_wconf 90' lang='lat' dir='ltr'>missurus</span> <span class='ocrx_word' id='word_1_96' title='bbox 1102 1087 1234 1124; x_wconf 81' lang='lat' dir='ltr'>existi-</span> 
     </span>
     <span class='ocr_line' id='line_1_15' title="bbox 84 1146 1234 1198; baseline 0.002 -14"><span class='ocrx_word' id='word_1_97' title='bbox 84 1147 273 1185; x_wconf 88' lang='lat' dir='ltr'>mabatur.</span> <span class='ocrx_word' id='word_1_98' title='bbox 327 1147 476 1190; x_wconf 85' lang='lat' dir='ltr'>Quibus</span> <span class='ocrx_word' id='word_1_99' title='bbox 494 1146 614 1184; x_wconf 89' lang='lat' dir='ltr'>literis</span> <span class='ocrx_word' id='word_1_100' title='bbox 632 1146 817 1197; x_wconf 88' lang='lat' dir='ltr'>acceptis,</span> <span class='ocrx_word' id='word_1_101' title='bbox 836 1147 1017 1184; x_wconf 85' lang='lat' dir='ltr'>insolenti</span> <span class='ocrx_word' id='word_1_102' title='bbox 1036 1147 1234 1198; x_wconf 88' lang='lat' dir='ltr'>voluptate</span> 
     </span>
     <span class='ocr_line' id='line_1_16' title="bbox 85 1206 1235 1259; baseline 0 -14"><span class='ocrx_word' id='word_1_103' title='bbox 85 1206 331 1253; x_wconf 85' lang='lat' dir='ltr'>efferebatur,</span> <span class='ocrx_word' id='word_1_104' title='bbox 360 1207 466 1258; x_wconf 91' lang='lat' dir='ltr'>quod</span> <span class='ocrx_word' id='word_1_105' title='bbox 483 1207 555 1244; x_wconf 90' lang='lat' dir='ltr'>sibi</span> <span class='ocrx_word' id='word_1_106' title='bbox 573 1219 758 1244; x_wconf 88' lang='lat' dir='ltr'>novarum</span> <span class='ocrx_word' id='word_1_107' title='bbox 777 1206 1075 1259; x_wconf 86' lang='lat' dir='ltr'>provinciarum,</span> <span class='ocrx_word' id='word_1_108' title='bbox 1102 1214 1141 1245; x_wconf 90' lang='lat' dir='ltr'>et</span> <span class='ocrx_word' id='word_1_109' title='bbox 1160 1207 1235 1245; x_wconf 85' lang='lat' dir='ltr'>fer-</span> 
     </span>
     <span class='ocr_line' id='line_1_17' title="bbox 85 1266 1235 1320; baseline 0.001 -16"><span class='ocrx_word' id='word_1_110' title='bbox 85 1266 247 1305; x_wconf 89' lang='lat' dir='ltr'>tilissimi</span> <span class='ocrx_word' id='word_1_111' title='bbox 265 1266 390 1318; x_wconf 89' lang='lat' dir='ltr'>regni,</span> <span class='ocrx_word' id='word_1_112' title='bbox 409 1274 517 1305; x_wconf 88' lang='lat' dir='ltr'>tanta</span> <span class='ocrx_word' id='word_1_113' title='bbox 536 1267 665 1305; x_wconf 88' lang='lat' dir='ltr'>oblata</span> <span class='ocrx_word' id='word_1_114' title='bbox 683 1274 786 1304; x_wconf 87' lang='lat' dir='ltr'>esset</span> <span class='ocrx_word' id='word_1_115' title='bbox 805 1267 980 1306; x_wconf 82' lang='lat' dir='ltr'>facultas.</span> <span class='ocrx_word' id='word_1_116' title='bbox 1020 1267 1159 1318; x_wconf 88' lang='lat' dir='ltr'>Itaque</span> <span class='ocrx_word' id='word_1_117' title='bbox 1179 1269 1235 1320; x_wconf 89' lang='lat' dir='ltr'>ip-</span> 
     </span>
     <span class='ocr_line' id='line_1_18' title="bbox 86 1327 1236 1379; baseline 0 -13"><span class='ocrx_word' id='word_1_118' title='bbox 86 1341 127 1366; x_wconf 90' lang='lat' dir='ltr'>se</span> <span class='ocrx_word' id='word_1_119' title='bbox 146 1328 186 1366; x_wconf 92' lang='lat' dir='ltr'>in</span> <span class='ocrx_word' id='word_1_120' title='bbox 215 1327 455 1366; x_wconf 84' lang='lat' dir='ltr'>Lusitaniam</span> <span class='ocrx_word' id='word_1_121' title='bbox 475 1327 748 1379; x_wconf 88' lang='lat' dir='ltr'>proficiscitur,</span> <span class='ocrx_word' id='word_1_122' title='bbox 778 1328 827 1366; x_wconf 89' lang='lat' dir='ltr'>ad</span> <span class='ocrx_word' id='word_1_123' title='bbox 845 1328 1020 1378; x_wconf 85' lang='lat' dir='ltr'>legiones</span> <span class='ocrx_word' id='word_1_124' title='bbox 1038 1341 1236 1367; x_wconf 87' lang='lat' dir='ltr'>arcessen-</span> 
     </span>
     <span class='ocr_line' id='line_1_19' title="bbox 86 1388 1236 1440; baseline 0.002 -14"><span class='ocrx_word' id='word_1_125' title='bbox 86 1389 169 1435; x_wconf 86' lang='lat' dir='ltr'>das,</span> <span class='ocrx_word' id='word_1_126' title='bbox 187 1388 408 1440; x_wconf 86' lang='lat' dir='ltr'>auxiliaque</span> <span class='ocrx_word' id='word_1_127' title='bbox 427 1389 680 1428; x_wconf 88' lang='lat' dir='ltr'>adducenda:</span> <span class='ocrx_word' id='word_1_128' title='bbox 710 1389 825 1426; x_wconf 89' lang='lat' dir='ltr'>certis</span> <span class='ocrx_word' id='word_1_129' title='bbox 844 1389 1062 1427; x_wconf 89' lang='lat' dir='ltr'>hominibus</span> <span class='ocrx_word' id='word_1_130' title='bbox 1083 1389 1149 1427; x_wconf 88' lang='lat' dir='ltr'>dat</span> <span class='ocrx_word' id='word_1_131' title='bbox 1167 1402 1236 1428; x_wconf 92' lang='lat' dir='ltr'>ne-</span> 
     </span>
     <span class='ocr_line' id='line_1_20' title="bbox 84 1450 1235 1502; baseline 0.001 -14"><span class='ocrx_word' id='word_1_132' title='bbox 84 1451 247 1502; x_wconf 86' lang='lat' dir='ltr'>gotium,</span> <span class='ocrx_word' id='word_1_133' title='bbox 285 1457 329 1488; x_wconf 87' lang='lat' dir='ltr'>ut</span> <span class='ocrx_word' id='word_1_134' title='bbox 359 1450 596 1488; x_wconf 87' lang='lat' dir='ltr'>frumentum</span> <span class='ocrx_word' id='word_1_135' title='bbox 623 1462 817 1501; x_wconf 86' lang='lat' dir='ltr'>navesque</span> <span class='ocrx_word' id='word_1_136' title='bbox 845 1462 868 1487; x_wconf 94' lang='lat' dir='ltr'>c</span> <span class='ocrx_word' id='word_1_137' title='bbox 900 1458 1235 1501; x_wconf 88' lang='lat' dir='ltr'>praepararentur,</span> 
     </span>
     <span class='ocr_line' id='line_1_21' title="bbox 84 1511 1237 1563; baseline 0.001 -13"><span class='ocrx_word' id='word_1_138' title='bbox 84 1512 350 1563; x_wconf 88' lang='lat' dir='ltr'>pecuniaeque</span> <span class='ocrx_word' id='word_1_139' title='bbox 380 1511 691 1550; x_wconf 87' lang='lat' dir='ltr'>describerentur</span> <span class='ocrx_word' id='word_1_140' title='bbox 719 1519 834 1563; x_wconf 90' lang='lat' dir='ltr'>atque</span> <span class='ocrx_word' id='word_1_141' title='bbox 864 1511 1158 1563; x_wconf 88' lang='lat' dir='ltr'>imperarentur,</span> <span class='ocrx_word' id='word_1_142' title='bbox 1185 1526 1237 1551; x_wconf 90' lang='lat' dir='ltr'>ne</span> 
     </span>
     <span class='ocr_line' id='line_1_22' title="bbox 88 1571 1238 1624; baseline 0.001 -14"><span class='ocrx_word' id='word_1_143' title='bbox 88 1585 165 1624; x_wconf 86' lang='lat' dir='ltr'>qua</span> <span class='ocrx_word' id='word_1_144' title='bbox 182 1585 258 1618; x_wconf 91' lang='lat' dir='ltr'>res,</span> <span class='ocrx_word' id='word_1_145' title='bbox 277 1585 394 1623; x_wconf 91' lang='lat' dir='ltr'>quum</span> <span class='ocrx_word' id='word_1_146' title='bbox 414 1572 592 1618; x_wconf 78' lang='lat' dir='ltr'>redisset,</span> <span class='ocrx_word' id='word_1_147' title='bbox 611 1579 839 1610; x_wconf 86' lang='lat' dir='ltr'>moraretur.</span> <span class='ocrx_word' id='word_1_148' title='bbox 883 1571 1047 1610; x_wconf 87' lang='lat' dir='ltr'>Reditus</span> <span class='ocrx_word' id='word_1_149' title='bbox 1062 1574 1144 1622; x_wconf 92' lang='lat' dir='ltr'>ejus</span> <span class='ocrx_word' id='word_1_150' title='bbox 1163 1573 1238 1611; x_wconf 87' lang='lat' dir='ltr'>fuit</span> 
     </span>
     <span class='ocr_line' id='line_1_23' title="bbox 85 1632 1237 1686; baseline 0.001 -16"><span class='ocrx_word' id='word_1_151' title='bbox 85 1633 248 1671; x_wconf 90' lang='lat' dir='ltr'>celerior</span> <span class='ocrx_word' id='word_1_152' title='bbox 273 1633 443 1671; x_wconf 90' lang='lat' dir='ltr'>omnium</span> <span class='ocrx_word' id='word_1_153' title='bbox 463 1632 668 1684; x_wconf 88' lang='lat' dir='ltr'>opinione:</span> <span class='ocrx_word' id='word_1_154' title='bbox 701 1646 778 1671; x_wconf 92' lang='lat' dir='ltr'>non</span> <span class='ocrx_word' id='word_1_155' title='bbox 798 1633 901 1671; x_wconf 91' lang='lat' dir='ltr'>enim</span> <span class='ocrx_word' id='word_1_156' title='bbox 920 1633 1028 1671; x_wconf 89' lang='lat' dir='ltr'>labor</span> <span class='ocrx_word' id='word_1_157' title='bbox 1056 1642 1123 1671; x_wconf 88' lang='lat' dir='ltr'>aut</span> <span class='ocrx_word' id='word_1_158' title='bbox 1141 1634 1237 1686; x_wconf 90' lang='lat' dir='ltr'>vigi-</span> 
     </span>
     <span class='ocr_line' id='line_1_24' title="bbox 85 1693 1157 1745; baseline 0.003 -15"><span class='ocrx_word' id='word_1_159' title='bbox 85 1694 218 1740; x_wconf 84' lang='lat' dir='ltr'>lantia,</span> <span class='ocrx_word' id='word_1_160' title='bbox 238 1693 409 1745; x_wconf 89' lang='lat' dir='ltr'>cupienti</span> <span class='ocrx_word' id='word_1_161' title='bbox 428 1693 654 1745; x_wconf 90' lang='lat' dir='ltr'>praesertim</span> <span class='ocrx_word' id='word_1_162' title='bbox 674 1694 833 1745; x_wconf 88' lang='lat' dir='ltr'>aliquid,</span> <span class='ocrx_word' id='word_1_163' title='bbox 853 1694 988 1732; x_wconf 84' lang='lat' dir='ltr'>Cassio</span> <span class='ocrx_word' id='word_1_164' title='bbox 1008 1695 1157 1734; x_wconf 88' lang='lat' dir='ltr'>deerat.</span> 
     </span>
    </p>

    <p class='ocr_par' dir='ltr' id='par_1_4' title="bbox 87 1753 1240 2356">
     <span class='ocr_line' id='line_1_25' title="bbox 136 1753 1236 1800; baseline 0.002 -9"><span class='ocrx_word' id='word_1_165' title='bbox 136 1754 227 1791; x_wconf 90' lang='lat' dir='ltr'><strong>LII.</strong></span> <span class='ocrx_word' id='word_1_166' title='bbox 287 1753 474 1792; x_wconf 87' lang='lat' dir='ltr'>Exercitu</span> <span class='ocrx_word' id='word_1_167' title='bbox 494 1760 632 1792; x_wconf 89' lang='lat' dir='ltr'>coacto</span> <span class='ocrx_word' id='word_1_168' title='bbox 659 1754 697 1791; x_wconf 91' lang='lat' dir='ltr'>in</span> <span class='ocrx_word' id='word_1_169' title='bbox 718 1767 834 1791; x_wconf 89' lang='lat' dir='ltr'>unum</span> <span class='ocrx_word' id='word_1_170' title='bbox 854 1754 998 1800; x_wconf 90' lang='lat' dir='ltr'>locum,</span> <span class='ocrx_word' id='word_1_171' title='bbox 1026 1755 1159 1792; x_wconf 88' lang='lat' dir='ltr'>castris</span> <span class='ocrx_word' id='word_1_172' title='bbox 1186 1756 1236 1793; x_wconf 88' lang='lat' dir='ltr'>ad</span> 
     </span>
     <span class='ocr_line' id='line_1_26' title="bbox 88 1814 1237 1866; baseline 0.001 -13"><span class='ocrx_word' id='word_1_173' title='bbox 88 1815 308 1853; x_wconf 89' lang='lat' dir='ltr'>Cordubam</span> <span class='ocrx_word' id='word_1_174' title='bbox 337 1814 485 1865; x_wconf 89' lang='lat' dir='ltr'>positis,</span> <span class='ocrx_word' id='word_1_175' title='bbox 522 1826 592 1865; x_wconf 91' lang='lat' dir='ltr'>pro</span> <span class='ocrx_word' id='word_1_176' title='bbox 626 1815 815 1852; x_wconf 86' lang='lat' dir='ltr'>concione</span> <span class='ocrx_word' id='word_1_177' title='bbox 844 1814 1028 1852; x_wconf 88' lang='lat' dir='ltr'>militibus</span> <span class='ocrx_word' id='word_1_178' title='bbox 1058 1817 1237 1866; x_wconf 84' lang='lat' dir='ltr'>exponit,</span> 
     </span>
     <span class='ocr_line' id='line_1_27' title="bbox 87 1875 1235 1928; baseline 0.002 -15"><span class='ocrx_word' id='word_1_179' title='bbox 87 1888 180 1926; x_wconf 87' lang='lat' dir='ltr'>quas</span> <span class='ocrx_word' id='word_1_180' title='bbox 201 1887 261 1912; x_wconf 88' lang='lat' dir='ltr'>res</span> <span class='ocrx_word' id='word_1_181' title='bbox 281 1875 456 1913; x_wconf 90' lang='lat' dir='ltr'>Caesaris</span> <span class='ocrx_word' id='word_1_182' title='bbox 471 1876 580 1924; x_wconf 92' lang='lat' dir='ltr'>jussu</span> <span class='ocrx_word' id='word_1_183' title='bbox 596 1887 731 1925; x_wconf 86' lang='lat' dir='ltr'>gerere</span> <span class='ocrx_word' id='word_1_184' title='bbox 752 1875 933 1919; x_wconf 87' lang='lat' dir='ltr'>deberet;</span> <span class='ocrx_word' id='word_1_185' title='bbox 954 1875 1235 1928; x_wconf 83' lang='lat' dir='ltr'>polliceturque</span> 
     </span>
     <span class='ocr_line' id='line_1_28' title="bbox 87 1936 1237 1987; baseline 0.002 -13"><span class='ocrx_word' id='word_1_186' title='bbox 87 1937 146 1984; x_wconf 89' lang='lat' dir='ltr'>iis,</span> <span class='ocrx_word' id='word_1_187' title='bbox 166 1949 285 1987; x_wconf 88' lang='lat' dir='ltr'>quum</span> <span class='ocrx_word' id='word_1_188' title='bbox 305 1937 342 1973; x_wconf 91' lang='lat' dir='ltr'>in</span> <span class='ocrx_word' id='word_1_189' title='bbox 363 1936 638 1974; x_wconf 88' lang='lat' dir='ltr'>Mauritaniam</span> <span class='ocrx_word' id='word_1_190' title='bbox 660 1937 934 1987; x_wconf 87' lang='lat' dir='ltr'>transjecisset‚</span> <span class='ocrx_word' id='word_1_191' title='bbox 961 1936 1032 1974; x_wconf 91' lang='lat' dir='ltr'>HS</span> <span class='ocrx_word' id='word_1_192' title='bbox 1053 1945 1237 1976; x_wconf 89' lang='lat' dir='ltr'>centenos</span> 
     </span>
     <span class='ocr_line' id='line_1_29' title="bbox 88 1996 1238 2049; baseline 0.002 -13"><span class='ocrx_word' id='word_1_193' title='bbox 88 2011 128 2036; x_wconf 88' lang='lat' dir='ltr'>se</span> <span class='ocrx_word' id='word_1_194' title='bbox 148 1997 327 2035; x_wconf 88' lang='lat' dir='ltr'>daturum</span> <span class='ocrx_word' id='word_1_195' title='bbox 344 2011 353 2034; x_wconf 90' lang='lat'>:</span> <span class='ocrx_word' id='word_1_196' title='bbox 383 2009 412 2033; x_wconf 90' lang='lat' dir='ltr'><strong>v</strong></span> <span class='ocrx_word' id='word_1_197' title='bbox 430 1996 513 2035; x_wconf 89' lang='lat' dir='ltr'>fore</span> <span class='ocrx_word' id='word_1_198' title='bbox 532 1997 570 2034; x_wconf 90' lang='lat' dir='ltr'>in</span> <span class='ocrx_word' id='word_1_199' title='bbox 591 1997 782 2048; x_wconf 87' lang='lat' dir='ltr'>Hispania</span> <span class='ocrx_word' id='word_1_200' title='bbox 800 1998 1005 2049; x_wconf 84' lang='lat' dir='ltr'>legionem.</span> <span class='ocrx_word' id='word_1_201' title='bbox 1061 1999 1123 2037; x_wconf 88' lang='lat' dir='ltr'>Ex</span> <span class='ocrx_word' id='word_1_202' title='bbox 1144 2013 1238 2039; x_wconf 89' lang='lat' dir='ltr'>con-</span> 
     </span>
     <span class='ocr_line' id='line_1_30' title="bbox 87 2057 1237 2112; baseline 0.001 -14"><span class='ocrx_word' id='word_1_203' title='bbox 87 2059 199 2098; x_wconf 91' lang='lat' dir='ltr'>cione</span> <span class='ocrx_word' id='word_1_204' title='bbox 218 2070 259 2096; x_wconf 89' lang='lat' dir='ltr'>se</span> <span class='ocrx_word' id='word_1_205' title='bbox 280 2057 499 2096; x_wconf 91' lang='lat' dir='ltr'>Cordubam</span> <span class='ocrx_word' id='word_1_206' title='bbox 519 2058 692 2109; x_wconf 89' lang='lat' dir='ltr'>recepit;</span> <span class='ocrx_word' id='word_1_207' title='bbox 720 2071 844 2109; x_wconf 89' lang='lat' dir='ltr'>eoque</span> <span class='ocrx_word' id='word_1_208' title='bbox 863 2059 945 2109; x_wconf 89' lang='lat' dir='ltr'>ipso</span> <span class='ocrx_word' id='word_1_209' title='bbox 965 2059 1041 2106; x_wconf 91' lang='lat' dir='ltr'>die,</span> <span class='ocrx_word' id='word_1_210' title='bbox 1061 2068 1237 2112; x_wconf 86' lang='lat' dir='ltr'>tempore</span> 
     </span>
     <span class='ocr_line' id='line_1_31' title="bbox 87 2118 1237 2171; baseline 0.002 -14"><span class='ocrx_word' id='word_1_211' title='bbox 87 2118 402 2171; x_wconf 88' lang='lat' dir='ltr'>postmeridiano,</span> <span class='ocrx_word' id='word_1_212' title='bbox 422 2131 540 2170; x_wconf 91' lang='lat' dir='ltr'>quum</span> <span class='ocrx_word' id='word_1_213' title='bbox 559 2119 597 2156; x_wconf 91' lang='lat' dir='ltr'>in</span> <span class='ocrx_word' id='word_1_214' title='bbox 615 2119 812 2158; x_wconf 90' lang='lat' dir='ltr'>basilicam</span> <span class='ocrx_word' id='word_1_215' title='bbox 828 2120 915 2167; x_wconf 89' lang='lat' dir='ltr'>iret,</span> <span class='ocrx_word' id='word_1_216' title='bbox 934 2121 1088 2171; x_wconf 88' lang='lat' dir='ltr'>quidam</span> <span class='ocrx_word' id='word_1_217' title='bbox 1106 2121 1237 2160; x_wconf 89' lang='lat' dir='ltr'>Minu-</span> 
     </span>
     <span class='ocr_line' id='line_1_32' title="bbox 87 2180 1238 2233; baseline 0.003 -15"><span class='ocrx_word' id='word_1_218' title='bbox 87 2181 163 2219; x_wconf 87' lang='lat' dir='ltr'>tius</span> <span class='ocrx_word' id='word_1_219' title='bbox 185 2180 277 2226; x_wconf 86' lang='lat' dir='ltr'>Silo,</span> <span class='ocrx_word' id='word_1_220' title='bbox 298 2180 419 2218; x_wconf 92' lang='lat' dir='ltr'>cliens</span> <span class='ocrx_word' id='word_1_221' title='bbox 439 2180 485 2217; x_wconf 95' lang='lat' dir='ltr'>L.</span> <span class='ocrx_word' id='word_1_222' title='bbox 506 2180 658 2227; x_wconf 89' lang='lat' dir='ltr'>Racilii,</span> <span class='ocrx_word' id='word_1_223' title='bbox 684 2180 871 2227; x_wconf 91' lang='lat' dir='ltr'>libellum,</span> <span class='ocrx_word' id='word_1_224' title='bbox 899 2183 1006 2232; x_wconf 84' lang='lat' dir='ltr'>quasi</span> <span class='ocrx_word' id='word_1_225' title='bbox 1026 2182 1171 2233; x_wconf 87' lang='lat' dir='ltr'>aliquid</span> <span class='ocrx_word' id='word_1_226' title='bbox 1189 2184 1238 2222; x_wconf 86' lang='lat' dir='ltr'>ab</span> 
     </span>
     <span class='ocr_line' id='line_1_33' title="bbox 89 2241 1237 2293; baseline 0.003 -15"><span class='ocrx_word' id='word_1_227' title='bbox 89 2254 137 2279; x_wconf 85' lang='lat' dir='ltr'>eo</span> <span class='ocrx_word' id='word_1_228' title='bbox 154 2242 382 2293; x_wconf 86' lang='lat' dir='ltr'>postularet,</span> <span class='ocrx_word' id='word_1_229' title='bbox 410 2248 453 2278; x_wconf 86' lang='lat' dir='ltr'>ut</span> <span class='ocrx_word' id='word_1_230' title='bbox 471 2241 594 2287; x_wconf 88' lang='lat' dir='ltr'>miles,</span> <span class='ocrx_word' id='word_1_231' title='bbox 621 2241 656 2279; x_wconf 88' lang='lat' dir='ltr'>ei</span> <span class='ocrx_word' id='word_1_232' title='bbox 675 2241 819 2286; x_wconf 88' lang='lat' dir='ltr'>tradit;</span> <span class='ocrx_word' id='word_1_233' title='bbox 845 2243 985 2280; x_wconf 90' lang='lat' dir='ltr'>deinde</span> <span class='ocrx_word' id='word_1_234' title='bbox 1015 2251 1101 2293; x_wconf 90' lang='lat' dir='ltr'>post</span> <span class='ocrx_word' id='word_1_235' title='bbox 1122 2243 1237 2282; x_wconf 86' lang='lat' dir='ltr'>Raci-</span> 
     </span>
     <span class='ocr_line' id='line_1_34' title="bbox 91 2301 1240 2356; baseline 0.003 -17"><span class='ocrx_word' id='word_1_236' title='bbox 91 2301 197 2349; x_wconf 88' lang='lat' dir='ltr'>lium,</span> <span class='ocrx_word' id='word_1_237' title='bbox 232 2301 342 2353; x_wconf 87' lang='lat' dir='ltr'>(nam</span> <span class='ocrx_word' id='word_1_238' title='bbox 362 2302 392 2340; x_wconf 90' lang='lat' dir='ltr'>is</span> <span class='ocrx_word' id='word_1_239' title='bbox 410 2302 509 2340; x_wconf 91' lang='lat' dir='ltr'>latus</span> <span class='ocrx_word' id='word_1_240' title='bbox 529 2302 651 2341; x_wconf 87' lang='lat' dir='ltr'>Cassii</span> <span class='ocrx_word' id='word_1_241' title='bbox 669 2302 849 2354; x_wconf 88' lang='lat' dir='ltr'>tegebat)</span> <span class='ocrx_word' id='word_1_242' title='bbox 885 2304 991 2355; x_wconf 89' lang='lat' dir='ltr'>quasi</span> <span class='ocrx_word' id='word_1_243' title='bbox 1010 2316 1240 2356; x_wconf 85' lang='lat' dir='ltr'>responsum</span> 
     </span>
    </p>
   </div>
  </div>
 </body>
</html>
