1472 2664
702 455 974 494 A.H1RT11

303 582 1372 637 COMMENTARIORUM

492 739 582 779 DE
625 739 826 780 BELLO
870 739 1182 780 AFRICANO

646 976 811 1014 LIBER
858 976 1017 1014 UNUS.

312 1096 344 1132 Ι.
400 1093 634 1141 CAESAR,
653 1095 853 1132 itineribus
867 1094 980 1143 justis
1000 1093 1198 1139 confectis,
1219 1095 1323 1132 nullo
1342 1095 1403 1132 die

259 1157 490 1202 intermisso,
503 1169 536 1194 a.
549 1156 585 1193 d.
601 1168 675 1193 >nv
690 1156 776 1193 Kal.
789 1156 875 1193 Jan.
889 1155 1114 1205 Lilybaeum
1128 1156 1315 1205 pervenit,
1331 1164 1404 1193 sta-

259 1218 404 1268 timque
424 1217 605 1262 ostendit,
635 1229 717 1254 sese
738 1229 852 1254 naves
871 1216 967 1253 velle
988 1216 1258 1261 conscendere,
1288 1230 1404 1267 quum

260 1291 338 1315 non
354 1278 514 1328 amplius
533 1278 726 1328 legionem
747 1277 912 1315 tironum
932 1277 1091 1314 haberet
1110 1290 1237 1323 unam,
1257 1279 1403 1329 equites

259 1339 322 1375 vix
341 1350 406 1375 Dc.
452 1338 757 1376 Tabernaculum
779 1338 991 1376 secundum
1006 1338 1112 1375 littus
1129 1338 1249 1388 ipsum
1265 1340 1405 1377 consti-

259 1400 346 1446 tuit,
367 1406 408 1437 ut
427 1413 547 1451 prope
566 1399 706 1436 fluctus
725 1399 958 1436 verberaret.
996 1397 1085 1435 Hoc
1105 1411 1151 1435 eo
1171 1398 1328 1437 consilio
1348 1399 1403 1437 fe-

257 1460 327 1506 cit,
346 1473 395 1498 ne
416 1460 498 1510 quis
518 1459 589 1497 sibi
608 1471 737 1497 morae
758 1459 964 1510 quidquam
994 1458 1075 1496 fore
1094 1467 1276 1510 speraret,
1304 1469 1343 1498 et
1362 1469 1403 1497 ut

258 1534 391 1558 omnes
411 1521 449 1557 in
469 1520 549 1558 dies
568 1520 757 1570 horasque
783 1519 905 1570 parati
926 1526 1065 1558 essent.
1117 1518 1259 1558 Incidit
1278 1534 1347 1571 per
1364 1521 1404 1559 id

255 1589 424 1632 tempus,
455 1589 498 1618 ut
517 1589 764 1632 tempestates
792 1580 841 1618 ad
868 1581 1122 1631 navigandum
1152 1581 1305 1619 idoneas
1326 1595 1402 1619 non

253 1643 436 1680 haberet:
465 1642 584 1679 nihilo
605 1648 732 1678 tamen
748 1641 872 1678 minus
892 1641 929 1678 in
946 1641 1103 1679 navibus
1124 1642 1286 1692 remiges
1305 1643 1401 1680 mili-

254 1711 391 1753 tesque
420 1702 633 1747 continere,
661 1708 701 1739 et
727 1701 869 1738 nullam
897 1702 1202 1752 praetermittere
1231 1703 1402 1741 occasio-

253 1776 343 1800 nem
371 1763 642 1814 p1·0fectionis;
680 1776 797 1813 quum
830 1763 1052 1812 praesertim
1084 1763 1130 1800 ab
1159 1763 1293 1800 incolis
1320 1766 1403 1814 ejus

253 1822 475 1873 provinciae
495 1822 772 1860 nunciarentur
799 1822 1099 1860 adversariorum
1119 1822 1266 1874 copiae,
1293 1824 1402 1874 equi-

255 1891 359 1921 tatus
390 1883 575 1929 infinitus,
608 1883 779 1934 legiones
807 1883 935 1934 regiae
971 1896 1029 1930 ιν,
1062 1884 1154 1921 levis
1186 1891 1401 1922 armaturae

252 1957 395 1994 magna
413 1944 483 1990 vis,
514 1943 704 1994 Scipionis
723 1943 893 1994 legiones
912 1957 952 1989 x,
981 1943 1173 1994 elephanti
1193 1956 1286 1990 cxx,
1306 1944 1400 1982 clas-

252 2018 390 2055 sesque
409 2018 494 2042 esse
513 2004 748 2055 complures;
779 2011 905 2041 tamen
927 2016 1002 2041 non
1023 2005 1302 2050 deterrebatur,
1323 2005 1401 2043 ani-

252 2078 393 2116 moque
410 2072 447 2103 et
462 2079 529 2117 spe
546 2065 775 2103 confidebat.
810 2065 968 2102 Interim
986 2066 1022 2102 in
1039 2065 1122 2103 dies
1138 2072 1176 2102 et
1190 2078 1304 2103 naves
1318 2066 1400 2103 lon-

253 2138 325 2176 gae
346 2126 541 2175 adaugeri,
575 2133 614 2163 et
634 2125 831 2164 onerariae
851 2126 1064 2177 complures
1083 2125 1219 2163 eodem
1240 2138 1401 2163 concur·-

253 2200 352 2233 rere,
372 2194 412 2224 et
439 2187 610 2237 legiones
637 2186 806 2224 tironum
836 2186 1054 2232 convenire,
1082 2186 1120 2223 in
1140 2186 1198 2223 his
1217 2192 1398 2223 veterana

250 2247 354 2298 legio
373 2261 410 2294 v,
430 2247 602 2297 equitum
621 2246 670 2284 ad
692 2260 721 2283 ιι
744 2245 873 2283 millia.

300 2308 352 2344 11.
397 2307 633 2359 Legionibus
649 2307 820 2347 collectis
840 2319 899 2355 w,
921 2315 960 2345 ct
976 2307 1148 2358 equitum
1164 2319 1197 2344 11
1216 2307 1395 2354 millibus,
