1472 2664
298 292 374 331 DE
402 291 580 331 BELLO
609 291 785 330 AFRIC.
813 291 989 330 LIBER.
1150 295 1226 332 229

85 402 156 433 aut
174 395 399 435 interfectos
425 403 492 435 aut
508 396 674 447 fugatos,
704 395 762 432 M.
781 395 967 434 Catonem
987 393 1126 433 Uticae
1153 394 1224 432 sibi

91 455 214 507 ipsum
235 469 368 494 manus
395 456 580 502 intulisse,
599 469 729 507 regem
747 469 900 506 vagum,
919 456 966 493 ab
986 455 1138 505 suisque
1158 454 1224 492 de-

85 524 244 563 sertum,
271 517 320 555 ab
339 517 514 555 omnibus
532 517 740 567 aspernari,
772 516 954 554 Saburam
973 517 1131 566 ejusque
1159 528 1225 553 co·

85 577 166 627 pias
182 578 229 615 ab
246 577 341 615 Sitio
361 590 446 615 esse
464 577 622 624 deletas,
643 577 782 615 Uticae
802 577 1003 614 Caesarem
1023 576 1104 613 sine
1118 588 1225 613 mora

88 646 300 688 receptum,
316 638 364 676 de
379 645 486 676 tanto
500 637 674 676 exercitu
689 637 867 688 reliquias
881 649 965 674 esse
980 636 1113 682 nullas,
1130 648 1229 686 quae

80 697 154 735 sibi
172 699 324 749 suisque
343 699 470 737 liberis
488 699 732 750 prodessent3
762 710 785 735 a
804 697 966 735 Caninio
985 696 1226 748 proconsule,

84 758 150 809 qui
169 771 256 796 eum
277 759 489 805 obsidebat,
517 759 593 797 fide
611 767 784 810 accepta,
803 770 921 809 seque
941 764 979 796 et
997 769 1065 795 sua
1085 755 1225 803 omnia,

84 816 125 858 et
144 820 341 870 oppidum,
369 820 588 870 proconsuli
606 820 733 858 tradit.

134 881 279 919 XCIV.
334 881 421 918 Rex
440 881 591 919 interim
608 881 724 927 Juba,
743 881 791 919 ab
818 879 992 918 omnibus
1012 878 1227 917 civitatibus

83 942 275 987 exclusus,
308 941 510 992 desperata
527 941 663 988 salute,
692 954 808 993 quum
824 942 903 991 jam
923 947 1106 978 coenatus
1125 946 1225 977 esset

85 1015 173 1039 cum
195 1001 362 1048 Petreio,
393 1010 435 1040 ut
452 1015 522 1053 per
539 1002 720 1040 virtutem
740 1001 933 1039 interfecti
952 1014 1035 1039 esse
1054 1001 1226 1038 videren-

84 1071 161 1108 tur,
180 1062 282 1100 ferro
302 1063 401 1100 inter
418 1076 459 1100 se
478 1063 725 1114 depugnant:
753 1070 869 1113 atque
887 1062 1030 1100 firmior
1056 1061 1226 1099 imbecil-

81 1124 230 1169 liorem,
249 1124 275 1161 J
278 1125 353 1161 uba
368 1123 578 1169 Petreium,
596 1123 709 1161 facile
727 1123 829 1160 ferro
848 1123 1070 1161 consumsit.
1106 1122 1228 1160 Dein·

86 1184 136 1221 de
165 1184 244 1235 ipse
263 1184 334 1222 sibi
354 1197 470 1235 quum
499 1190 705 1221 conaretur
731 1183 860 1234 gladio
885 1183 1108 1232 transjicere
1135 1195 1226 1234 pec-

83 1253 159 1291 tus,
193 1258 265 1282 nec
283 1251 425 1296 posset,
454 1244 633 1294 precibus
651 1257 674 1281 a
692 1257 801 1282 servo
827 1256 896 1281 suo
925 1243 1155 1294 impetravit,
1185 1251 1228 1281 ut

82 1318 124 1344 se
145 1305 405 1348 interficeret;
437 1305 551 1356 idque
572 1305 751 1343 obtinuit.

133 1366 254 1404 XCV.
308 1365 352 1402 P.
379 1366 495 1404 Sitius
518 1365 685 1412 interim,
709 1366 819 1416 pulso
841 1365 1017 1404 exercitu
1044 1365 1226 1412 Saburae,

80 1425 268 1479 praefecti
294 1426 434 1472 Jubae,
464 1426 622 1476 ipsoque
650 1425 869 1472 interfecto,
900 1439 1014 1476 quum
1039 1425 1112 1463 iter
1138 1438 1225 1463 cum

77 1487 213 1538 paucis
241 1499 308 1536 per
335 1485 608 1523 Mauritaniam
637 1486 686 1524 ad
712 1487 916 1524 Caesarem
935 1485 1094 1532 faceret,
1125 1486 1225 1524 forte

81 1547 216 1585 incidit
246 1547 284 1583 in
311 1546 492 1583 Faustum
524 1546 815 1597 Afraniumque,
858 1546 922 1597 qui
954 1559 1036 1584 eam
1070 1559 1223 1583 manum

81 1608 288 1653 habebant,
315 1619 389 1657 qua
410 1607 563 1644 Uticam
582 1606 831 1658 diripuerant,
860 1607 1006 1658 iterque
1027 1607 1064 1643 in
1086 1607 1227 1657 Hispa-

80 1668 182 1706 niam
203 1667 466 1713 intendebant,
486 1674 526 1705 et
545 1675 654 1705 erant
672 1681 831 1705 numero
852 1668 1004 1705 circiter
1023 1679 1098 1704 MD.
1149 1668 1226 1705 Ita·

81 1741 155 1779 que
176 1727 354 1766 celeriter
374 1735 563 1766 nocturno
583 1736 754 1779 tempore
774 1728 918 1766 insidiis
936 1729 1140 1779 dispositiS,
1162 1742 1228 1767 eos

80 1789 204 1840 prima
230 1789 316 1826 luce
342 1788 512 1835 adortus,
543 1796 695 1840 praeter
724 1801 866 1839 paucos
897 1790 1059 1840 equites,
1092 1790 1155 1840 qui
1176 1803 1226 1827 ex

82 1849 206 1901 primo
227 1849 379 1899 agmine
399 1848 590 1898 fugerant,
616 1848 782 1899 reliquos
801 1856 867 1886 aut
887 1849 1083 1896 interficit,
1102 1858 1168 1888 aut
1188 1851 1225 1887 in

81 1909 319 1947 deditionem
340 1909 505 1960 accipit;
525 1909 727 1946 Afranium
743 1917 782 1946 et
798 1910 978 1947 Faustum
997 1910 1102 1948 vivos
1122 1911 1225 1962 capit

78 1983 165 2007 cum
187 1971 352 2020 conjuge
369 1977 406 2007 et
421 1970 562 2008 liberis.
600 1970 738 2008 Paucis
753 1978 840 2021 post
855 1971 1002 2017 diebus,
1022 1971 1224 2010 dissensio·

80 2043 131 2068 ne
150 2030 187 2068 in
207 2031 382 2068 exercitu
401 2037 497 2077 orta,
531 2030 691 2068 Faustus
718 2038 758 2068 et
785 2031 967 2068 Afranius
993 2031 1226 2070 interficiun-

80 2098 157 2128 tur.
193 2090 400 2141 Pompeiae
421 2105 507 2130 cum
528 2091 655 2129 Fausti
675 2091 804 2128 liberis
825 2092 966 2129 Caesar
985 2092 1224 2130 incolumita-

81 2162 159 2193 tem
178 2167 323 2205 suaque
343 2155 470 2193 omnia
489 2155 690 2193 concessit.

134 2215 278 2253 XCVI.
332 2215 462 2266 Scipio
490 2216 640 2253 interim
669 2229 754 2254 cum
785 2216 1036 2266 Damasippo,
1067 2224 1104 2253 et
1132 2216 1226 2253 Tor-

82 2281 211 2323 quato,
231 2281 271 2311 et
291 2274 483 2312 Plaetorio
504 2274 705 2321 Rustiarm,
726 2276 884 2312 navibus
902 2276 1026 2326 longis
1046 2276 1110 2313 diu
1131 2276 1225 2313 mul·

80 2341 237 2386 tumque
251 2335 401 2385 jactati,
422 2349 539 2386 quum
556 2335 780 2387 Hispaniam
799 2344 989 2387 peterent,
1009 2337 1055 2374 ad
1076 2336 1224 2387 Hippo-
