1472 2664
323 289 397 327 DE
426 289 603 328 BELLO
632 290 770 329 HISP.
796 289 974 328 LIBER.
1157 291 1232 330 237

93 393 182 429 bam
194 403 325 429 versus
343 393 416 430 iter
432 393 559 431 facere
575 393 714 446 coepit.
753 393 855 440 Rex,
872 392 1025 431 nomine
1039 391 1150 438 Indo,
1169 391 1235 442 qui

96 465 183 489 cum
198 453 369 503 equitatu
384 466 470 491 suas
485 455 613 505 copias
628 455 853 500 adduxerat,
873 454 962 491 dum
978 452 1150 502 cupidius
1169 465 1235 502 ag-

94 525 183 550 men
197 513 497 551 adversariorum
512 514 736 565 insequitur,
755 527 778 552 a
791 513 1002 552 vernaculis
1017 513 1234 563 legionariis

94 580 282 624 exceptus
301 581 373 619 est,
393 581 432 611 et
451 574 688 612 interfectus.

143 633 214 670 XI.
266 633 425 672 Postero
444 635 507 672 die
534 635 680 686 equites
708 635 826 673 nostri
845 634 995 685 longius
1014 634 1063 672 ad
1090 633 1235 672 Cordu-

91 694 179 731 bam
200 707 329 732 versus
348 696 542 745 prosecuti
557 703 644 733 sunt
657 708 736 741 eos,
757 696 820 746 qui
840 703 1073 733 commeatus
1087 695 1137 732 ad
1151 707 1234 732 cas-

92 761 152 791 tra
163 754 336 805 Pompeii
353 768 403 792 ex
423 755 563 805 oppido
590 758 816 806 portabant:
844 769 893 793 ex
919 755 964 792 iis
983 755 1086 805 capti
1104 766 1128 791 L
1148 767 1236 792 cum

89 816 273 865 jumentis
300 817 348 853 ad
367 824 496 853 nostra
522 817 679 854 adducti
698 825 786 854 sunt
806 824 939 855 castra.
993 815 1140 852 Eodem
1159 814 1236 860 die,

93 876 142 917 Q.
162 876 347 922 Marcius,
367 878 541 914 tribunus
559 878 720 914 militum
740 878 803 927 qui
823 877 954 914 fuisset
982 875 1168 925 Pompeii,
1187 874 1238 912 ad

91 948 162 974 nos
182 936 407 986 transfugit3
434 944 471 974 et
490 939 613 976 noctis
634 938 746 975 tertia
765 938 891 988 vigilia
910 937 948 973 in
967 935 1109 987 oppido
1129 948 1236 972 acer·

92 996 187 1034 rime
205 1004 415 1047 pugnatum
443 1005 523 1041 est;
549 999 752 1049 ignemque
772 998 934 1035 multum
953 997 1151 1042 miserunt,
1179 995 1235 1033 sic

90 1065 135 1095 ut
154 1071 266 1095 omne
285 1071 420 1109 genus,
439 1059 575 1109 quibus
594 1059 692 1108 ignis
706 1071 773 1109 per
784 1061 911 1108 jactus
926 1057 1057 1094 solitus
1073 1063 1130 1094 est
1149 1055 1237 1093 mit-

95 1118 138 1164 ti,
167 1126 427 1156 exerceretur.
471 1119 560 1156 Hoc
585 1119 792 1169 praeterito
813 1127 999 1168 tempore,
1021 1117 1065 1154 C.
1086 1116 1236 1154 Funda-

90 1178 188 1225 nius,
208 1192 325 1230 eques
341 1179 550 1226 Romanus,
570 1192 619 1217 ex
635 1180 767 1218 castris
787 1177 1087 1216 adversariorum
1102 1177 1151 1214 ad
1165 1189 1235 1213 nos

91 1239 308 1290 transfugit.

142 1299 234 1337 XII.
279 1300 440 1339 Postero
454 1301 517 1339 die
536 1315 585 1339 ex
603 1302 756 1352 legione
772 1300 976 1338 vernacula
989 1299 1127 1336 milites
1146 1306 1236 1336 sunt

92 1359 194 1411 capti
213 1361 260 1398 ab
279 1361 471 1411 equitibus
490 1362 626 1400 nostris
645 1362 736 1408 duo,
763 1362 827 1412 qui
847 1361 1028 1399 dixerunt
1047 1372 1087 1397 se
1106 1372 1235 1396 servos

89 1433 196 1464 esse;
217 1434 332 1471 quum
351 1422 538 1467 venirent,
560 1422 704 1472 cogniti
724 1430 812 1459 sunt
831 1435 854 1459 a
869 1421 1066 1466 militibus,
1086 1420 1150 1470 qui
1170 1432 1236 1456 an-

87 1489 154 1518 tea
171 1494 258 1519 cum
277 1481 395 1520 Fabio
414 1490 452 1520 et
471 1482 591 1520 Pedio
611 1483 775 1528 fuerant,
804 1489 843 1519 et
861 1495 884 1519 a
903 1481 1094 1518 Trebonio
1114 1488 1236 1517 trans-

89 1543 281 1593 fugerant.
336 1542 401 1579 Eis
420 1543 468 1580 ad
498 1543 772 1593 ignoscendum
794 1542 897 1579 nulla
923 1549 981 1578 est
1001 1542 1088 1578 data
1114 1540 1235 1577 facul-

89 1611 161 1649 tas,
189 1611 228 1641 et
247 1616 269 1640 a
286 1603 469 1640 militibus
488 1604 626 1641 nostris
645 1603 837 1641 interfecti
857 1610 956 1640 sunt.
1014 1602 1120 1638 idern
1140 1608 1236 1637 tem-

89 1664 192 1716 poris
207 1664 310 1715 capti
325 1664 525 1710 tabellarii,
542 1665 605 1714 qui
620 1677 642 1701 a
655 1664 833 1702 Corduba
847 1663 894 1700 ad
909 1663 1134 1713 Pompeium
1150 1662 1237 1699 mis-

89 1725 120 1763 si
140 1733 263 1770 erant,
296 1737 573 1775 perperamque
592 1725 640 1762 ad
670 1732 794 1762 castra
812 1732 941 1761 nostra
967 1730 1232 1774 pervenerant,

90 1785 271 1836 praecisis
289 1785 463 1821 manibus
492 1785 594 1821 missi
613 1792 702 1822 sunt
719 1784 823 1822 facti.
878 1784 965 1822 Pari
993 1783 1237 1821 consuetudi-

88 1859 151 1891 ne,
169 1845 298 1896 vigilia
311 1845 492 1890 secunda,
513 1858 561 1881 ex
578 1845 718 1895 oppido
738 1844 865 1894 ignem
880 1844 1040 1881 multum
1056 1844 1236 1880 telorum-

91 1919 164 1956 que
178 1905 458 1943 multitudinem
468 1906 663 1955 jactando‚
678 1907 777 1943 bene
790 1918 969 1955 magnum
983 1913 1130 1954 tempus
1146 1916 1237 1941 con—

92 1973 321 2011 sumserunt,
337 1966 627 2016 compluresque
643 1966 860 2003 vulneribus
873 1965 1092 2003 affecerunt.
1125 1964 1238 2002 Prae-

94 2027 208 2065 terito
224 2026 346 2064 noctis
367 2034 551 2076 tempore,
572 2026 809 2076 eruptionem
826 2026 863 2063 in
878 2026 1068 2076 legionem
1087 2033 1237 2062 sextam

94 2086 284 2131 fecerunt,
313 2099 428 2136 quum
452 2086 487 2122 in
509 2099 625 2136 opere
645 2087 763 2124 nostri
791 2086 946 2124 distenti
974 2093 1114 2131 essent,
1142 2085 1238 2123 acri-

94 2153 230 2197 terque
250 2159 419 2197 pugnare
435 2153 666 2197 coeperunt:
686 2160 845 2197 quorum
860 2147 915 2184 vis
931 2159 1100 2197 repressa
1117 2159 1138 2183 a
1153 2158 1239 2183 nos-

93 2207 176 2252 tris,
210 2207 279 2244 etsi
299 2206 478 2257 oppidani
502 2207 696 2257 superiore
715 2207 802 2245 loco
825 2206 1139 2244 defendebantur.
1191 2206 1238 2252 Ii,

95 2280 211 2316 quum
227 2268 465 2318 eruptionem
482 2266 607 2305 facere
623 2268 854 2318 coepissent,
874 2274 1000 2305 tamen
1015 2267 1155 2304 virtute
1169 2266 1238 2303 mi-

97 2327 204 2381 litum
224 2336 452 2375 nostrorum,
486 2330 508 2353 ²*
538 2328 601 2378 qui
620 2328 691 2366 etsi
712 2328 890 2366 inferiore
909 2328 994 2366 loco
1014 2327 1237 2379 premeban-
