<?xml version="1.0" encoding="UTF-8"?>
<!DOCTYPE html PUBLIC "-//W3C//DTD XHTML 1.0 Transitional//EN"
    "http://www.w3.org/TR/xhtml1/DTD/xhtml1-transitional.dtd">
<html xmlns="http://www.w3.org/1999/xhtml" xml:lang="en" lang="en">
 <head>
  <title>
</title>
<meta http-equiv="Content-Type" content="text/html;charset=utf-8" />
  <meta name='ocr-system' content='tesseract 3.04.00' />
  <meta name='ocr-capabilities' content='ocr_page ocr_carea ocr_par ocr_line ocrx_word'/>
</head>
<body>
  <div class='ocr_page' id='page_1' title='image "./debellogallicoet02caesuoft_0241.png"; bbox 0 0 1472 2664; ppageno 0'>
   <div class='ocr_carea' id='block_1_1' title="bbox 280 274 1198 320">
    <p class='ocr_par' dir='ltr' id='par_1_1' title="bbox 280 274 1198 320">
     <span class='ocr_line' id='line_1_1' title="bbox 280 274 1198 320; baseline 0.003 -3"><span class='ocrx_word' id='word_1_1' title='bbox 280 274 354 317; x_wconf 83' lang='lat' dir='ltr'><strong>DE</strong></span> <span class='ocrx_word' id='word_1_2' title='bbox 383 279 559 317; x_wconf 87' lang='lat' dir='ltr'><strong>BELLO</strong></span> <span class='ocrx_word' id='word_1_3' title='bbox 589 279 764 318; x_wconf 88' lang='lat' dir='ltr'><strong>AFRIC.</strong></span> <span class='ocrx_word' id='word_1_4' title='bbox 792 279 967 318; x_wconf 89' lang='lat' dir='ltr'>LIBER.</span> <span class='ocrx_word' id='word_1_5' title='bbox 1123 283 1198 320; x_wconf 74' lang='lat'><strong>209</strong></span> 
     </span>
    </p>
   </div>
   <div class='ocr_carea' id='block_1_2' title="bbox 45 381 1195 2247">
    <p class='ocr_par' dir='ltr' id='par_1_2' title="bbox 45 381 1195 2247">
     <span class='ocr_line' id='line_1_2' title="bbox 61 381 1193 433; baseline 0.002 -15"><span class='ocrx_word' id='word_1_6' title='bbox 61 387 162 420; x_wconf 83' lang='lat' dir='ltr'><strong>tatus</strong></span> <span class='ocrx_word' id='word_1_7' title='bbox 193 382 250 419; x_wconf 90' lang='lat' dir='ltr'><strong>sui</strong></span> <span class='ocrx_word' id='word_1_8' title='bbox 280 381 449 433; x_wconf 87' lang='lat' dir='ltr'>Leptim,</span> <span class='ocrx_word' id='word_1_9' title='bbox 476 383 656 421; x_wconf 85' lang='lat' dir='ltr'>frumenti</span> <span class='ocrx_word' id='word_1_10' title='bbox 675 384 811 433; x_wconf 89' lang='lat' dir='ltr'><strong>gratia,</strong></span> <span class='ocrx_word' id='word_1_11' title='bbox 829 382 941 420; x_wconf 86' lang='lat' dir='ltr'>misit.</span> <span class='ocrx_word' id='word_1_12' title='bbox 993 382 1039 418; x_wconf 92' lang='lat' dir='ltr'><strong>In</strong></span> <span class='ocrx_word' id='word_1_13' title='bbox 1058 383 1193 420; x_wconf 89' lang='lat' dir='ltr'><strong>itinere</strong></span> 
     </span>
     <span class='ocr_line' id='line_1_3' title="bbox 57 441 1193 493; baseline 0.002 -15"><span class='ocrx_word' id='word_1_14' title='bbox 57 441 316 491; x_wconf 83' lang='lat' dir='ltr'>praedatores,</span> <span class='ocrx_word' id='word_1_15' title='bbox 329 442 477 492; x_wconf 88' lang='lat' dir='ltr'><strong>equites</strong></span> <span class='ocrx_word' id='word_1_16' title='bbox 493 443 677 481; x_wconf 84' lang='lat' dir='ltr'><strong>Numidas</strong></span> <span class='ocrx_word' id='word_1_17' title='bbox 697 443 972 493; x_wconf 86' lang='lat' dir='ltr'><strong>Gaetulosque,</strong></span> <span class='ocrx_word' id='word_1_18' title='bbox 987 456 1034 480; x_wconf 87' lang='lat' dir='ltr'><strong>ex</strong></span> <span class='ocrx_word' id='word_1_19' title='bbox 1052 442 1193 493; x_wconf 90' lang='lat' dir='ltr'><strong>impro-</strong></span> 
     </span>
     <span class='ocr_line' id='line_1_4' title="bbox 56 502 1193 553; baseline 0.001 -15"><span class='ocrx_word' id='word_1_20' title='bbox 56 502 136 540; x_wconf 82' lang='lat' dir='ltr'><strong>viso</strong></span> <span class='ocrx_word' id='word_1_21' title='bbox 155 503 292 547; x_wconf 86' lang='lat' dir='ltr'><strong>adorti,</strong></span> <span class='ocrx_word' id='word_1_22' title='bbox 321 503 473 540; x_wconf 82' lang='lat' dir='ltr'><strong>circiter</strong></span> <span class='ocrx_word' id='word_1_23' title='bbox 488 510 643 541; x_wconf 89' lang='lat' dir='ltr'><strong>centum</strong></span> <span class='ocrx_word' id='word_1_24' title='bbox 663 504 800 553; x_wconf 86' lang='lat' dir='ltr'><strong>partim</strong></span> <span class='ocrx_word' id='word_1_25' title='bbox 817 503 1040 540; x_wconf 89' lang='lat' dir='ltr'><strong>occiderunt</strong></span> <span class='ocrx_word' id='word_1_26' title='bbox 1056 503 1193 553; x_wconf 86' lang='lat' dir='ltr'><strong>partim</strong></span> 
     </span>
     <span class='ocr_line' id='line_1_5' title="bbox 53 563 1194 614; baseline 0.002 -15"><span class='ocrx_word' id='word_1_27' title='bbox 53 564 223 601; x_wconf 86' lang='lat' dir='ltr'><strong>vivorum</strong></span> <span class='ocrx_word' id='word_1_28' title='bbox 255 563 366 614; x_wconf 91' lang='lat' dir='ltr'><strong>potiti</strong></span> <span class='ocrx_word' id='word_1_29' title='bbox 390 571 489 600; x_wconf 88' lang='lat' dir='ltr'><strong>sunt.</strong></span> <span class='ocrx_word' id='word_1_30' title='bbox 556 564 696 601; x_wconf 88' lang='lat' dir='ltr'><strong>Caesar</strong></span> <span class='ocrx_word' id='word_1_31' title='bbox 715 564 865 600; x_wconf 87' lang='lat' dir='ltr'><strong>interim</strong></span> <span class='ocrx_word' id='word_1_32' title='bbox 885 563 1053 613; x_wconf 88' lang='lat' dir='ltr'><strong>quotidie</strong></span> <span class='ocrx_word' id='word_1_33' title='bbox 1073 563 1194 614; x_wconf 91' lang='lat' dir='ltr'><strong>legio-</strong></span> 
     </span>
     <span class='ocr_line' id='line_1_6' title="bbox 55 623 1195 675; baseline 0.001 -15"><span class='ocrx_word' id='word_1_34' title='bbox 55 637 122 661; x_wconf 91' lang='lat' dir='ltr'><strong>nes</strong></span> <span class='ocrx_word' id='word_1_35' title='bbox 141 624 178 660; x_wconf 90' lang='lat' dir='ltr'><strong>in</strong></span> <span class='ocrx_word' id='word_1_36' title='bbox 199 637 374 675; x_wconf 89' lang='lat' dir='ltr'><strong>campum</strong></span> <span class='ocrx_word' id='word_1_37' title='bbox 394 624 600 670; x_wconf 84' lang='lat' dir='ltr'><strong>deducere,</strong></span> <span class='ocrx_word' id='word_1_38' title='bbox 620 631 735 674; x_wconf 89' lang='lat' dir='ltr'><strong>atque</strong></span> <span class='ocrx_word' id='word_1_39' title='bbox 755 636 850 674; x_wconf 91' lang='lat' dir='ltr'><strong>opus</strong></span> <span class='ocrx_word' id='word_1_40' title='bbox 868 623 1009 669; x_wconf 87' lang='lat' dir='ltr'><strong>facere,</strong></span> <span class='ocrx_word' id='word_1_41' title='bbox 1036 624 1195 661; x_wconf 86' lang='lat' dir='ltr'><strong>vallum-</strong></span> 
     </span>
     <span class='ocr_line' id='line_1_7' title="bbox 54 684 1194 735; baseline 0 -13"><span class='ocrx_word' id='word_1_42' title='bbox 54 698 127 735; x_wconf 88' lang='lat' dir='ltr'><strong>que</strong></span> <span class='ocrx_word' id='word_1_43' title='bbox 147 693 186 722; x_wconf 79' lang='lat' dir='ltr'><strong>et.</strong></span> <span class='ocrx_word' id='word_1_44' title='bbox 204 685 341 722; x_wconf 81' lang='lat' dir='ltr'><strong>fossam</strong></span> <span class='ocrx_word' id='word_1_45' title='bbox 357 698 425 735; x_wconf 88' lang='lat' dir='ltr'><strong>per</strong></span> <span class='ocrx_word' id='word_1_46' title='bbox 436 684 603 722; x_wconf 90' lang='lat' dir='ltr'><strong>medium</strong></span> <span class='ocrx_word' id='word_1_47' title='bbox 619 697 794 735; x_wconf 89' lang='lat' dir='ltr'><strong>campum</strong></span> <span class='ocrx_word' id='word_1_48' title='bbox 811 685 967 730; x_wconf 90' lang='lat' dir='ltr'><strong>ducere,</strong></span> <span class='ocrx_word' id='word_1_49' title='bbox 986 685 1194 722; x_wconf 85' lang='lat' dir='ltr'><strong>adversari-</strong></span> 
     </span>
     <span class='ocr_line' id='line_1_8' title="bbox 56 744 1194 795; baseline 0.002 -14"><span class='ocrx_word' id='word_1_50' title='bbox 56 758 239 795; x_wconf 90' lang='lat' dir='ltr'><strong>orumque</strong></span> <span class='ocrx_word' id='word_1_51' title='bbox 259 745 550 783; x_wconf 79' lang='lat' dir='ltr'><strong>excursionibus</strong></span> <span class='ocrx_word' id='word_1_52' title='bbox 565 744 637 782; x_wconf 90' lang='lat' dir='ltr'><strong>iter</strong></span> <span class='ocrx_word' id='word_1_53' title='bbox 655 745 822 790; x_wconf 86' lang='lat' dir='ltr'><strong>officere,</strong></span> <span class='ocrx_word' id='word_1_54' title='bbox 858 758 934 782; x_wconf 92' lang='lat' dir='ltr'><strong>non</strong></span> <span class='ocrx_word' id='word_1_55' title='bbox 965 745 1194 783; x_wconf 86' lang='lat' dir='ltr'><strong>intermittit.</strong></span> 
     </span>
     <span class='ocr_line' id='line_1_9' title="bbox 54 804 1194 855; baseline 0.002 -14"><span class='ocrx_word' id='word_1_56' title='bbox 54 804 182 855; x_wconf 87' lang='lat' dir='ltr'><strong>Scipio</strong></span> <span class='ocrx_word' id='word_1_57' title='bbox 201 806 292 842; x_wconf 91' lang='lat' dir='ltr'><strong>item</strong></span> <span class='ocrx_word' id='word_1_58' title='bbox 319 804 548 842; x_wconf 89' lang='lat' dir='ltr'><strong>munitiones</strong></span> <span class='ocrx_word' id='word_1_59' title='bbox 580 811 713 842; x_wconf 88' lang='lat' dir='ltr'><strong>contra</strong></span> <span class='ocrx_word' id='word_1_60' title='bbox 730 804 872 850; x_wconf 89' lang='lat' dir='ltr'><strong>facere,</strong></span> <span class='ocrx_word' id='word_1_61' title='bbox 900 812 952 850; x_wconf 90' lang='lat' dir='ltr'><strong>et,</strong></span> <span class='ocrx_word' id='word_1_62' title='bbox 978 818 1026 842; x_wconf 88' lang='lat' dir='ltr'><strong>ne</strong></span> <span class='ocrx_word' id='word_1_63' title='bbox 1054 807 1150 855; x_wconf 83' lang='lat' dir='ltr'><strong>jugo</strong></span> <span class='ocrx_word' id='word_1_64' title='bbox 1170 818 1194 843; x_wconf 85' lang='lat' dir='ltr'><strong>a.</strong></span> 
     </span>
     <span class='ocr_line' id='line_1_10' title="bbox 57 865 1193 916; baseline -0.001 -13"><span class='ocrx_word' id='word_1_65' title='bbox 57 866 220 904; x_wconf 78' lang='lat' dir='ltr'><strong>Caesare</strong></span> <span class='ocrx_word' id='word_1_66' title='bbox 239 867 525 911; x_wconf 88' lang='lat' dir='ltr'><strong>excluderetur,</strong></span> <span class='ocrx_word' id='word_1_67' title='bbox 553 878 818 916; x_wconf 88' lang='lat' dir='ltr'><strong>approperare.</strong></span> <span class='ocrx_word' id='word_1_68' title='bbox 872 865 932 903; x_wconf 85' lang='lat' dir='ltr'><strong>Ita</strong></span> <span class='ocrx_word' id='word_1_69' title='bbox 961 866 1078 903; x_wconf 88' lang='lat' dir='ltr'><strong>duces</strong></span> <span class='ocrx_word' id='word_1_70' title='bbox 1098 866 1193 903; x_wconf 91' lang='lat' dir='ltr'><strong>utri-</strong></span> 
     </span>
     <span class='ocr_line' id='line_1_11' title="bbox 58 925 1192 978; baseline 0 -14"><span class='ocrx_word' id='word_1_71' title='bbox 58 940 132 977; x_wconf 84' lang='lat' dir='ltr'><strong>que</strong></span> <span class='ocrx_word' id='word_1_72' title='bbox 152 934 192 964; x_wconf 90' lang='lat' dir='ltr'><strong>et</strong></span> <span class='ocrx_word' id='word_1_73' title='bbox 211 928 248 964; x_wconf 89' lang='lat' dir='ltr'><strong>in</strong></span> <span class='ocrx_word' id='word_1_74' title='bbox 268 926 645 978; x_wconf 89' lang='lat' dir='ltr'><strong>operibus.occupati</strong></span> <span class='ocrx_word' id='word_1_75' title='bbox 664 933 784 971; x_wconf 87' lang='lat' dir='ltr'><strong>erant,</strong></span> <span class='ocrx_word' id='word_1_76' title='bbox 812 933 851 963; x_wconf 86' lang='lat' dir='ltr'><strong>et</strong></span> <span class='ocrx_word' id='word_1_77' title='bbox 871 925 989 963; x_wconf 90' lang='lat' dir='ltr'><strong>nihilo</strong></span> <span class='ocrx_word' id='word_1_78' title='bbox 1007 926 1132 963; x_wconf 89' lang='lat' dir='ltr'><strong>minus</strong></span> <span class='ocrx_word' id='word_1_79' title='bbox 1152 938 1192 964; x_wconf 90' lang='lat' dir='ltr'><strong>e-</strong></span> 
     </span>
     <span class='ocr_line' id='line_1_12' title="bbox 54 986 1074 1039; baseline -0.002 -14"><span class='ocrx_word' id='word_1_80' title='bbox 54 987 269 1038; x_wconf 80' lang='lat' dir='ltr'><strong>questribus</strong></span> <span class='ocrx_word' id='word_1_81' title='bbox 289 987 443 1039; x_wconf 88' lang='lat' dir='ltr'><strong>proeliis</strong></span> <span class='ocrx_word' id='word_1_82' title='bbox 462 987 561 1024; x_wconf 87' lang='lat' dir='ltr'><strong>inter</strong></span> <span class='ocrx_word' id='word_1_83' title='bbox 579 999 619 1024; x_wconf 85' lang='lat' dir='ltr'><strong>se</strong></span> <span class='ocrx_word' id='word_1_84' title='bbox 639 986 809 1037; x_wconf 88' lang='lat' dir='ltr'><strong>quotidie</strong></span> <span class='ocrx_word' id='word_1_85' title='bbox 829 986 1074 1023; x_wconf 84' lang='lat' dir='ltr'><strong>dimicabant.</strong></span> 
     </span>
     <span class='ocr_line' id='line_1_13' title="bbox 106 1046 1192 1097; baseline 0 -13"><span class='ocrx_word' id='word_1_86' title='bbox 106 1048 232 1085; x_wconf 90' lang='lat' dir='ltr'>LXII.</span> <span class='ocrx_word' id='word_1_87' title='bbox 287 1047 445 1085; x_wconf 79' lang='lat' dir='ltr'><strong>Interim</strong></span> <span class='ocrx_word' id='word_1_88' title='bbox 459 1047 582 1084; x_wconf 86' lang='lat' dir='ltr'><strong>Varus</strong></span> <span class='ocrx_word' id='word_1_89' title='bbox 602 1047 774 1092; x_wconf 85' lang='lat' dir='ltr'><strong>classem,</strong></span> <span class='ocrx_word' id='word_1_90' title='bbox 794 1060 906 1097; x_wconf 86' lang='lat' dir='ltr'><strong>quam</strong></span> <span class='ocrx_word' id='word_1_91' title='bbox 925 1053 1038 1084; x_wconf 88' lang='lat' dir='ltr'><strong>antea</strong></span> <span class='ocrx_word' id='word_1_92' title='bbox 1053 1046 1192 1085; x_wconf 89' lang='lat' dir='ltr'><strong>Uticae</strong></span> 
     </span>
     <span class='ocr_line' id='line_1_14' title="bbox 49 1106 1192 1157; baseline 0 -14"><span class='ocrx_word' id='word_1_93' title='bbox 49 1107 185 1144; x_wconf 90' lang='lat' dir='ltr'><strong>hiemis</strong></span> <span class='ocrx_word' id='word_1_94' title='bbox 204 1107 328 1157; x_wconf 88' lang='lat' dir='ltr'><strong>gratia</strong></span> <span class='ocrx_word' id='word_1_95' title='bbox 348 1106 598 1152; x_wconf 82' lang='lat' dir='ltr'><strong>subduxerat,</strong></span> <span class='ocrx_word' id='word_1_96' title='bbox 617 1106 773 1156; x_wconf 90' lang='lat' dir='ltr'><strong>cognito</strong></span> <span class='ocrx_word' id='word_1_97' title='bbox 799 1106 959 1156; x_wconf 86' lang='lat' dir='ltr'><strong>legionis</strong></span> <span class='ocrx_word' id='word_1_98' title='bbox 980 1118 1042 1144; x_wconf 83' lang='lat' dir='ltr'><strong>vu</strong></span> <span class='ocrx_word' id='word_1_99' title='bbox 1063 1113 1102 1144; x_wconf 92' lang='lat' dir='ltr'><strong>et</strong></span> <span class='ocrx_word' id='word_1_100' title='bbox 1129 1118 1192 1144; x_wconf 83' lang='lat' dir='ltr'><strong>ux</strong></span> 
     </span>
     <span class='ocr_line' id='line_1_15' title="bbox 50 1166 1193 1217; baseline -0.002 -11"><span class='ocrx_word' id='word_1_101' title='bbox 50 1181 101 1206; x_wconf 83' lang='lat' dir='ltr'><strong>ex</strong></span> <span class='ocrx_word' id='word_1_102' title='bbox 123 1168 254 1206; x_wconf 84' lang='lat' dir='ltr'><strong>Sicilia</strong></span> <span class='ocrx_word' id='word_1_103' title='bbox 271 1168 452 1212; x_wconf 86' lang='lat' dir='ltr'><strong>adventu,</strong></span> <span class='ocrx_word' id='word_1_104' title='bbox 472 1166 649 1204; x_wconf 87' lang='lat' dir='ltr'><strong>celeriter</strong></span> <span class='ocrx_word' id='word_1_105' title='bbox 664 1166 833 1212; x_wconf 91' lang='lat' dir='ltr'><strong>deducit,</strong></span> <span class='ocrx_word' id='word_1_106' title='bbox 854 1167 1032 1217; x_wconf 87' lang='lat' dir='ltr'><strong>illamque</strong></span> <span class='ocrx_word' id='word_1_107' title='bbox 1045 1167 1193 1204; x_wconf 87' lang='lat' dir='ltr'><strong>Gaetu-</strong></span> 
     </span>
     <span class='ocr_line' id='line_1_16' title="bbox 49 1227 1190 1278; baseline -0.002 -12"><span class='ocrx_word' id='word_1_108' title='bbox 49 1229 95 1266; x_wconf 85' lang='lat' dir='ltr'><strong>lis</strong></span> <span class='ocrx_word' id='word_1_109' title='bbox 114 1228 322 1278; x_wconf 88' lang='lat' dir='ltr'><strong>remigibus</strong></span> <span class='ocrx_word' id='word_1_110' title='bbox 337 1227 573 1278; x_wconf 88' lang='lat' dir='ltr'><strong>epibatisque</strong></span> <span class='ocrx_word' id='word_1_111' title='bbox 591 1228 778 1277; x_wconf 89' lang='lat' dir='ltr'><strong>complet;</strong></span> <span class='ocrx_word' id='word_1_112' title='bbox 807 1227 1084 1278; x_wconf 85' lang='lat' dir='ltr'><strong>insidiandique</strong></span> <span class='ocrx_word' id='word_1_113' title='bbox 1104 1240 1190 1277; x_wconf 88' lang='lat' dir='ltr'><strong>gra-</strong></span> 
     </span>
     <span class='ocr_line' id='line_1_17' title="bbox 49 1288 1194 1339; baseline 0 -12"><span class='ocrx_word' id='word_1_114' title='bbox 49 1290 102 1327; x_wconf 87' lang='lat' dir='ltr'><strong>tia</strong></span> <span class='ocrx_word' id='word_1_115' title='bbox 119 1290 166 1327; x_wconf 86' lang='lat' dir='ltr'><strong>ab</strong></span> <span class='ocrx_word' id='word_1_116' title='bbox 188 1289 304 1327; x_wconf 89' lang='lat' dir='ltr'><strong>Utica</strong></span> <span class='ocrx_word' id='word_1_117' title='bbox 323 1300 557 1339; x_wconf 87' lang='lat' dir='ltr'><strong>progressus,</strong></span> <span class='ocrx_word' id='word_1_118' title='bbox 579 1288 835 1326; x_wconf 86' lang='lat' dir='ltr'><strong>Adrumetum</strong></span> <span class='ocrx_word' id='word_1_119' title='bbox 855 1302 941 1328; x_wconf 89' lang='lat' dir='ltr'><strong>cum</strong></span> <span class='ocrx_word' id='word_1_120' title='bbox 959 1300 1013 1326; x_wconf 86' lang='lat' dir='ltr'><strong>Lv</strong></span> <span class='ocrx_word' id='word_1_121' title='bbox 1033 1290 1194 1327; x_wconf 88' lang='lat' dir='ltr'><strong>navibus</strong></span> 
     </span>
     <span class='ocr_line' id='line_1_18' title="bbox 47 1348 1185 1401; baseline 0.001 -15"><span class='ocrx_word' id='word_1_122' title='bbox 47 1350 233 1400; x_wconf 83' lang='lat' dir='ltr'><strong>pervenit.</strong></span> <span class='ocrx_word' id='word_1_123' title='bbox 289 1350 408 1399; x_wconf 87' lang='lat' dir='ltr'><strong>Cujus</strong></span> <span class='ocrx_word' id='word_1_124' title='bbox 426 1348 612 1386; x_wconf 86' lang='lat' dir='ltr'><strong>adventus</strong></span> <span class='ocrx_word' id='word_1_125' title='bbox 640 1348 794 1395; x_wconf 85' lang='lat' dir='ltr'><strong>inscius,</strong></span> <span class='ocrx_word' id='word_1_126' title='bbox 827 1349 966 1387; x_wconf 81' lang='lat' dir='ltr'><strong>Caesar</strong></span> <span class='ocrx_word' id='word_1_127' title='bbox 983 1350 1031 1388; x_wconf 91' lang='lat' dir='ltr'><strong>L.</strong></span> <span class='ocrx_word' id='word_1_128' title='bbox 1062 1350 1185 1401; x_wconf 88' lang='lat' dir='ltr'><strong>Cispi-</strong></span> 
     </span>
     <span class='ocr_line' id='line_1_19' title="bbox 47 1409 1186 1460; baseline 0.001 -13"><span class='ocrx_word' id='word_1_129' title='bbox 47 1423 110 1447; x_wconf 89' lang='lat' dir='ltr'><strong>um</strong></span> <span class='ocrx_word' id='word_1_130' title='bbox 131 1423 217 1448; x_wconf 91' lang='lat' dir='ltr'><strong>cum</strong></span> <span class='ocrx_word' id='word_1_131' title='bbox 237 1409 359 1447; x_wconf 88' lang='lat' dir='ltr'><strong>classe</strong></span> <span class='ocrx_word' id='word_1_132' title='bbox 380 1421 502 1446; x_wconf 81' lang='lat' dir='ltr'>xxvu</span> <span class='ocrx_word' id='word_1_133' title='bbox 523 1409 674 1446; x_wconf 90' lang='lat' dir='ltr'><strong>navium</strong></span> <span class='ocrx_word' id='word_1_134' title='bbox 695 1409 743 1446; x_wconf 90' lang='lat' dir='ltr'><strong>ad</strong></span> <span class='ocrx_word' id='word_1_135' title='bbox 771 1409 966 1460; x_wconf 86' lang='lat' dir='ltr'><strong>Thapsum</strong></span> <span class='ocrx_word' id='word_1_136' title='bbox 992 1423 1122 1448; x_wconf 88' lang='lat' dir='ltr'><strong>versus</strong></span> <span class='ocrx_word' id='word_1_137' title='bbox 1146 1410 1186 1448; x_wconf 90' lang='lat' dir='ltr'><strong>in</strong></span> 
     </span>
     <span class='ocr_line' id='line_1_20' title="bbox 51 1469 1193 1521; baseline 0 -13"><span class='ocrx_word' id='word_1_138' title='bbox 51 1470 268 1515; x_wconf 88' lang='lat' dir='ltr'><strong>stationem,</strong></span> <span class='ocrx_word' id='word_1_139' title='bbox 287 1469 463 1521; x_wconf 89' lang='lat' dir='ltr'><strong>praesidii</strong></span> <span class='ocrx_word' id='word_1_140' title='bbox 482 1469 604 1519; x_wconf 88' lang='lat' dir='ltr'><strong>gratia</strong></span> <span class='ocrx_word' id='word_1_141' title='bbox 623 1477 856 1507; x_wconf 89' lang='lat' dir='ltr'><strong>commeatus</strong></span> <span class='ocrx_word' id='word_1_142' title='bbox 888 1470 960 1514; x_wconf 93' lang='lat' dir='ltr'><strong>sui,</strong></span> <span class='ocrx_word' id='word_1_143' title='bbox 987 1471 1124 1509; x_wconf 87' lang='lat' dir='ltr'><strong>mittit:</strong></span> <span class='ocrx_word' id='word_1_144' title='bbox 1161 1471 1193 1508; x_wconf 89' lang='lat' dir='ltr'><strong>i-</strong></span> 
     </span>
     <span class='ocr_line' id='line_1_21' title="bbox 50 1530 1189 1582; baseline 0 -13"><span class='ocrx_word' id='word_1_145' title='bbox 50 1539 205 1582; x_wconf 88' lang='lat' dir='ltr'><strong>temque</strong></span> <span class='ocrx_word' id='word_1_146' title='bbox 239 1532 287 1573; x_wconf 87' lang='lat' dir='ltr'><strong>Q.</strong></span> <span class='ocrx_word' id='word_1_147' title='bbox 310 1530 488 1581; x_wconf 89' lang='lat' dir='ltr'><strong>Aquilam</strong></span> <span class='ocrx_word' id='word_1_148' title='bbox 520 1543 607 1567; x_wconf 90' lang='lat' dir='ltr'><strong>cum</strong></span> <span class='ocrx_word' id='word_1_149' title='bbox 626 1542 706 1567; x_wconf 82' lang='lat' dir='ltr'><strong>xm</strong></span> <span class='ocrx_word' id='word_1_150' title='bbox 727 1531 884 1568; x_wconf 90' lang='lat' dir='ltr'><strong>navibus</strong></span> <span class='ocrx_word' id='word_1_151' title='bbox 911 1531 1034 1582; x_wconf 86' lang='lat' dir='ltr'><strong>longis</strong></span> <span class='ocrx_word' id='word_1_152' title='bbox 1061 1532 1189 1570; x_wconf 88' lang='lat' dir='ltr'><strong>Adru-</strong></span> 
     </span>
     <span class='ocr_line' id='line_1_22' title="bbox 52 1591 1192 1643; baseline 0.001 -13"><span class='ocrx_word' id='word_1_153' title='bbox 52 1601 197 1630; x_wconf 88' lang='lat' dir='ltr'><strong>metum</strong></span> <span class='ocrx_word' id='word_1_154' title='bbox 216 1592 349 1630; x_wconf 88' lang='lat' dir='ltr'><strong>eadem</strong></span> <span class='ocrx_word' id='word_1_155' title='bbox 369 1592 416 1629; x_wconf 93' lang='lat' dir='ltr'><strong>de</strong></span> <span class='ocrx_word' id='word_1_156' title='bbox 436 1604 568 1629; x_wconf 87' lang='lat' dir='ltr'><strong>caussa</strong></span> <span class='ocrx_word' id='word_1_157' title='bbox 587 1591 808 1641; x_wconf 85' lang='lat' dir='ltr'><strong>praemittit.</strong></span> <span class='ocrx_word' id='word_1_158' title='bbox 862 1591 1025 1642; x_wconf 80' lang='lat' dir='ltr'><strong>Cispius,</strong></span> <span class='ocrx_word' id='word_1_159' title='bbox 1055 1606 1129 1643; x_wconf 93' lang='lat' dir='ltr'><strong>quo</strong></span> <span class='ocrx_word' id='word_1_160' title='bbox 1151 1606 1192 1631; x_wconf 90' lang='lat' dir='ltr'><strong>e-</strong></span> 
     </span>
     <span class='ocr_line' id='line_1_23' title="bbox 46 1651 1188 1703; baseline 0 -12"><span class='ocrx_word' id='word_1_161' title='bbox 46 1660 105 1691; x_wconf 87' lang='lat' dir='ltr'><strong>rat</strong></span> <span class='ocrx_word' id='word_1_162' title='bbox 116 1653 266 1699; x_wconf 89' lang='lat' dir='ltr'><strong>missus,</strong></span> <span class='ocrx_word' id='word_1_163' title='bbox 279 1652 454 1691; x_wconf 85' lang='lat' dir='ltr'><strong>celeriter</strong></span> <span class='ocrx_word' id='word_1_164' title='bbox 467 1651 657 1703; x_wconf 86' lang='lat' dir='ltr'><strong>pervenit:</strong></span> <span class='ocrx_word' id='word_1_165' title='bbox 690 1652 843 1702; x_wconf 88' lang='lat' dir='ltr'><strong>Aquila,</strong></span> <span class='ocrx_word' id='word_1_166' title='bbox 863 1660 1089 1703; x_wconf 85' lang='lat' dir='ltr'><strong>tempestate</strong></span> <span class='ocrx_word' id='word_1_167' title='bbox 1104 1655 1188 1702; x_wconf 83' lang='lat' dir='ltr'><strong>jac-</strong></span> 
     </span>
     <span class='ocr_line' id='line_1_24' title="bbox 46 1714 1189 1764; baseline 0 -13"><span class='ocrx_word' id='word_1_168' title='bbox 46 1721 162 1759; x_wconf 85' lang='lat' dir='ltr'><strong>tatus,</strong></span> <span class='ocrx_word' id='word_1_169' title='bbox 200 1714 503 1764; x_wconf 87' lang='lat' dir='ltr'><strong>promontorium</strong></span> <span class='ocrx_word' id='word_1_170' title='bbox 540 1725 720 1763; x_wconf 88' lang='lat' dir='ltr'><strong>superare</strong></span> <span class='ocrx_word' id='word_1_171' title='bbox 751 1726 827 1750; x_wconf 90' lang='lat' dir='ltr'><strong>non</strong></span> <span class='ocrx_word' id='word_1_172' title='bbox 865 1714 1003 1764; x_wconf 90' lang='lat' dir='ltr'><strong>potuit,</strong></span> <span class='ocrx_word' id='word_1_173' title='bbox 1059 1721 1189 1764; x_wconf 89' lang='lat' dir='ltr'><strong>atque,</strong></span> 
     </span>
     <span class='ocr_line' id='line_1_25' title="bbox 47 1774 1189 1824; baseline 0 -13"><span class='ocrx_word' id='word_1_174' title='bbox 47 1774 229 1824; x_wconf 87' lang='lat' dir='ltr'><strong>angulum</strong></span> <span class='ocrx_word' id='word_1_175' title='bbox 248 1774 439 1824; x_wconf 86' lang='lat' dir='ltr'><strong>quendam</strong></span> <span class='ocrx_word' id='word_1_176' title='bbox 467 1781 591 1810; x_wconf 90' lang='lat' dir='ltr'><strong>tutum</strong></span> <span class='ocrx_word' id='word_1_177' title='bbox 611 1786 633 1811; x_wconf 92' lang='lat' dir='ltr'><strong>a</strong></span> <span class='ocrx_word' id='word_1_178' title='bbox 665 1780 891 1824; x_wconf 87' lang='lat' dir='ltr'><strong>tempestate</strong></span> <span class='ocrx_word' id='word_1_179' title='bbox 925 1783 1071 1819; x_wconf 89' lang='lat' dir='ltr'><strong>nactus,</strong></span> <span class='ocrx_word' id='word_1_180' title='bbox 1101 1787 1189 1811; x_wconf 90' lang='lat' dir='ltr'><strong>cum</strong></span> 
     </span>
     <span class='ocr_line' id='line_1_26' title="bbox 46 1834 1189 1885; baseline -0.001 -12"><span class='ocrx_word' id='word_1_181' title='bbox 46 1835 166 1873; x_wconf 89' lang='lat' dir='ltr'><strong>classe</strong></span> <span class='ocrx_word' id='word_1_182' title='bbox 185 1847 225 1873; x_wconf 85' lang='lat' dir='ltr'><strong>se</strong></span> <span class='ocrx_word' id='word_1_183' title='bbox 242 1834 394 1885; x_wconf 86' lang='lat' dir='ltr'><strong>longius</strong></span> <span class='ocrx_word' id='word_1_184' title='bbox 413 1847 436 1872; x_wconf 92' lang='lat' dir='ltr'><strong>a</strong></span> <span class='ocrx_word' id='word_1_185' title='bbox 453 1842 661 1884; x_wconf 89' lang='lat' dir='ltr'><strong>prospectu</strong></span> <span class='ocrx_word' id='word_1_186' title='bbox 682 1834 853 1871; x_wconf 90' lang='lat' dir='ltr'><strong>removit.</strong></span> <span class='ocrx_word' id='word_1_187' title='bbox 910 1835 1075 1885; x_wconf 84' lang='lat' dir='ltr'><strong>Reliqua</strong></span> <span class='ocrx_word' id='word_1_188' title='bbox 1094 1835 1189 1872; x_wconf 87' lang='lat' dir='ltr'><strong>clas—</strong></span> 
     </span>
     <span class='ocr_line' id='line_1_27' title="bbox 45 1894 1188 1946; baseline 0 -13"><span class='ocrx_word' id='word_1_189' title='bbox 45 1896 96 1933; x_wconf 90' lang='lat' dir='ltr'><strong>sis</strong></span> <span class='ocrx_word' id='word_1_190' title='bbox 127 1895 166 1933; x_wconf 92' lang='lat' dir='ltr'><strong>in</strong></span> <span class='ocrx_word' id='word_1_191' title='bbox 197 1896 275 1933; x_wconf 81' lang='lat' dir='ltr'><strong>salo</strong></span> <span class='ocrx_word' id='word_1_192' title='bbox 307 1895 355 1933; x_wconf 90' lang='lat' dir='ltr'><strong>ad</strong></span> <span class='ocrx_word' id='word_1_193' title='bbox 386 1894 555 1945; x_wconf 88' lang='lat' dir='ltr'><strong>Leptim,</strong></span> <span class='ocrx_word' id='word_1_194' title='bbox 583 1895 744 1945; x_wconf 88' lang='lat' dir='ltr'><strong>egressis</strong></span> <span class='ocrx_word' id='word_1_195' title='bbox 781 1895 1002 1945; x_wconf 86' lang='lat' dir='ltr'><strong>remigibus,</strong></span> <span class='ocrx_word' id='word_1_196' title='bbox 1031 1896 1188 1946; x_wconf 86' lang='lat' dir='ltr'><strong>passim—</strong></span> 
     </span>
     <span class='ocr_line' id='line_1_28' title="bbox 47 1955 1188 2007; baseline 0.001 -13"><span class='ocrx_word' id='word_1_197' title='bbox 47 1969 122 2007; x_wconf 91' lang='lat' dir='ltr'><strong>que</strong></span> <span class='ocrx_word' id='word_1_198' title='bbox 156 1956 194 1994; x_wconf 91' lang='lat' dir='ltr'><strong>in</strong></span> <span class='ocrx_word' id='word_1_199' title='bbox 213 1956 342 1994; x_wconf 89' lang='lat' dir='ltr'><strong>littore</strong></span> <span class='ocrx_word' id='word_1_200' title='bbox 367 1955 612 2006; x_wconf 16' lang='lat' dir='ltr'><strong>(vagantibus,</strong></span> <span class='ocrx_word' id='word_1_201' title='bbox 644 1955 781 2005; x_wconf 88' lang='lat' dir='ltr'><strong>partim</strong></span> <span class='ocrx_word' id='word_1_202' title='bbox 814 1955 851 1991; x_wconf 92' lang='lat' dir='ltr'><strong>in</strong></span> <span class='ocrx_word' id='word_1_203' title='bbox 889 1956 1028 2006; x_wconf 87' lang='lat' dir='ltr'><strong>oppido</strong></span> <span class='ocrx_word' id='word_1_204' title='bbox 1065 1956 1188 1994; x_wconf 88' lang='lat' dir='ltr'><strong>victus</strong></span> 
     </span>
     <span class='ocr_line' id='line_1_29' title="bbox 49 2015 1189 2066; baseline 0.001 -13"><span class='ocrx_word' id='word_1_205' title='bbox 49 2016 106 2054; x_wconf 89' lang='lat' dir='ltr'><strong>sui</strong></span> <span class='ocrx_word' id='word_1_206' title='bbox 125 2016 319 2054; x_wconf 87' lang='lat' dir='ltr'><strong>mercandi</strong></span> <span class='ocrx_word' id='word_1_207' title='bbox 336 2015 459 2066; x_wconf 85' lang='lat' dir='ltr'><strong>gratia</strong></span> <span class='ocrx_word' id='word_1_208' title='bbox 490 2016 713 2065; x_wconf 86' lang='lat' dir='ltr'><strong>progressis,</strong></span> <span class='ocrx_word' id='word_1_209' title='bbox 747 2028 865 2053; x_wconf 85' lang='lat' dir='ltr'><strong>vacua</strong></span> <span class='ocrx_word' id='word_1_210' title='bbox 884 2029 906 2053; x_wconf 88' lang='lat' dir='ltr'><strong>a</strong></span> <span class='ocrx_word' id='word_1_211' title='bbox 925 2015 1189 2054; x_wconf 81' lang='lat' dir='ltr'><strong>defensoribus</strong></span> 
     </span>
     <span class='ocr_line' id='line_1_30' title="bbox 52 2074 1188 2126; baseline 0.001 -13"><span class='ocrx_word' id='word_1_212' title='bbox 52 2076 188 2114; x_wconf 83' lang='lat' dir='ltr'><strong>stabat.</strong></span> <span class='ocrx_word' id='word_1_213' title='bbox 254 2075 402 2118; x_wconf 84' lang='lat' dir='ltr'><strong>Quibus</strong></span> <span class='ocrx_word' id='word_1_214' title='bbox 430 2075 557 2121; x_wconf 90' lang='lat' dir='ltr'><strong>rebus,</strong></span> <span class='ocrx_word' id='word_1_215' title='bbox 579 2074 722 2121; x_wconf 76' lang='lat' dir='ltr'><strong>Varus,</strong></span> <span class='ocrx_word' id='word_1_216' title='bbox 760 2088 808 2112; x_wconf 88' lang='lat' dir='ltr'><strong>ex</strong></span> <span class='ocrx_word' id='word_1_217' title='bbox 829 2075 989 2126; x_wconf 82' lang='lat' dir='ltr'><strong>perfuga</strong></span> <span class='ocrx_word' id='word_1_218' title='bbox 1008 2077 1188 2126; x_wconf 81' lang='lat' dir='ltr'><strong>cognitis,</strong></span> 
     </span>
     <span class='ocr_line' id='line_1_31' title="bbox 49 2135 1186 2187; baseline 0 -13"><span class='ocrx_word' id='word_1_219' title='bbox 49 2136 290 2174; x_wconf 87' lang='lat' dir='ltr'><strong>occasionem</strong></span> <span class='ocrx_word' id='word_1_220' title='bbox 309 2143 456 2182; x_wconf 88' lang='lat' dir='ltr'><strong>nactus,</strong></span> <span class='ocrx_word' id='word_1_221' title='bbox 475 2135 605 2187; x_wconf 89' lang='lat' dir='ltr'><strong>vigilia</strong></span> <span class='ocrx_word' id='word_1_222' title='bbox 618 2137 787 2175; x_wconf 82' lang='lat' dir='ltr'><strong>secunda</strong></span> <span class='ocrx_word' id='word_1_223' title='bbox 803 2136 1018 2174; x_wconf 89' lang='lat' dir='ltr'><strong>Adrumeto</strong></span> <span class='ocrx_word' id='word_1_224' title='bbox 1038 2149 1087 2174; x_wconf 88' lang='lat' dir='ltr'><strong>ex</strong></span> <span class='ocrx_word' id='word_1_225' title='bbox 1108 2138 1186 2175; x_wconf 91' lang='lat' dir='ltr'><strong>Co-</strong></span> 
     </span>
     <span class='ocr_line' id='line_1_32' title="bbox 48 2195 1188 2247; baseline 0 -14"><span class='ocrx_word' id='word_1_226' title='bbox 48 2195 165 2234; x_wconf 90' lang='lat' dir='ltr'><strong>thone</strong></span> <span class='ocrx_word' id='word_1_227' title='bbox 195 2209 384 2246; x_wconf 88' lang='lat' dir='ltr'><strong>egressus,</strong></span> <span class='ocrx_word' id='word_1_228' title='bbox 413 2209 499 2234; x_wconf 88' lang='lat' dir='ltr'><strong>cum</strong></span> <span class='ocrx_word' id='word_1_229' title='bbox 531 2196 653 2246; x_wconf 88' lang='lat' dir='ltr'><strong>primo</strong></span> <span class='ocrx_word' id='word_1_230' title='bbox 682 2209 793 2234; x_wconf 87' lang='lat' dir='ltr'><strong>mane</strong></span> <span class='ocrx_word' id='word_1_231' title='bbox 823 2196 977 2247; x_wconf 89' lang='lat' dir='ltr'><strong>Leptim</strong></span> <span class='ocrx_word' id='word_1_232' title='bbox 1014 2197 1188 2234; x_wconf 87' lang='lat' dir='ltr'><strong>universa</strong></span> 
     </span>
    </p>
   </div>
   <div class='ocr_carea' id='block_1_3' title="bbox 49 2255 1186 2355">
    <p class='ocr_par' dir='ltr' id='par_1_3' title="bbox 49 2255 1186 2355">
     <span class='ocr_line' id='line_1_33' title="bbox 49 2255 1186 2308; baseline 0.001 -15"><span class='ocrx_word' id='word_1_233' title='bbox 49 2255 167 2294; x_wconf 87' lang='lat' dir='ltr'><strong>classe</strong></span> <span class='ocrx_word' id='word_1_234' title='bbox 185 2263 331 2303; x_wconf 90' lang='lat' dir='ltr'><strong>vectus,</strong></span> <span class='ocrx_word' id='word_1_235' title='bbox 362 2269 476 2295; x_wconf 87' lang='lat' dir='ltr'><strong>naves</strong></span> <span class='ocrx_word' id='word_1_236' title='bbox 495 2256 702 2304; x_wconf 87' lang='lat' dir='ltr'><strong>onerarias,</strong></span> <span class='ocrx_word' id='word_1_237' title='bbox 730 2270 826 2308; x_wconf 84' lang='lat' dir='ltr'><strong>quae</strong></span> <span class='ocrx_word' id='word_1_238' title='bbox 846 2257 996 2308; x_wconf 86' lang='lat' dir='ltr'><strong>longius</strong></span> <span class='ocrx_word' id='word_1_239' title='bbox 1021 2270 1043 2294; x_wconf 85' lang='lat' dir='ltr'><strong>a</strong></span> <span class='ocrx_word' id='word_1_240' title='bbox 1074 2264 1186 2308; x_wconf 85' lang='lat' dir='ltr'><strong>portu</strong></span> 
     </span>
     <span class='ocr_line' id='line_1_34' title="bbox 123 2316 656 2355; baseline -0.002 0"><span class='ocrx_word' id='word_1_241' title='bbox 123 2317 232 2355; x_wconf 86' lang='lat' dir='ltr'><strong>ToM.</strong></span> <span class='ocrx_word' id='word_1_242' title='bbox 259 2316 311 2355; x_wconf 92' lang='lat'><strong>11.</strong></span> <span class='ocrx_word' id='word_1_243' title='bbox 567 2317 604 2354; x_wconf 93' lang='lat' dir='ltr'>D</span> <span class='ocrx_word' id='word_1_244' title='bbox 630 2317 656 2354; x_wconf 88' lang='lat' dir='ltr'><strong>d</strong></span> 
     </span>
    </p>
   </div>
  </div>
 </body>
</html>
