1472 2664
232 237 281 274 72
539 236 612 272 DE
653 235 831 273 BELLO
872 236 1039 274 CIVILI

232 338 292 383 tis,
326 339 390 389 qui
409 339 537 389 paullo
566 348 655 377 ante
686 340 742 376 M.
765 341 943 378 Crassum
965 341 1233 390 imperatorem
1254 341 1370 380 inter-

232 398 418 445 fecerant,
448 408 486 437 et
508 400 563 437 M.
586 400 763 437 Bibulum
784 401 820 437 in
842 401 1038 438 obsidione
1062 401 1287 447 habuerant,
1319 403 1373 439 le-

231 460 365 508 giones
381 461 605 511 equitesque
625 474 674 497 ex
697 461 807 510 Syria
826 461 1064 498 deduxerat:
1092 475 1313 513 summaque
1334 463 1373 499 in

232 521 490 559 sollicitudine
511 536 555 559 ac
576 522 712 559 timore
744 522 913 559 Parthici
943 522 1034 558 belli
1068 522 1104 558 in
1137 523 1372 572 provinciam

231 596 346 633 quum
361 585 539 629 venisset,
560 597 604 620 ac
628 583 831 621 nonnullae
851 583 1013 620 militum
1033 595 1148 620 voces
1166 591 1248 620 tum
1268 584 1374 620 audi-

230 652 377 691 rentur,
405 658 501 690 sese,
539 653 673 682 contra
704 645 853 681 hostem
884 644 914 680 si
947 644 1195 690 ducerentur,
1239 645 1374 689 ituros,

230 713 365 742 contra
385 707 506 743 civem
527 713 564 743 et
581 706 776 743 consulem
795 717 900 741 arma
914 718 990 742 non
1010 705 1170 748 laturos;
1197 705 1374 742 deductis

229 765 458 816 Pergamum
488 775 603 817 atque
624 767 660 803 in
687 766 1002 816 locupletissimas
1023 767 1135 803 urbes
1154 767 1191 802 in
1212 766 1372 803 hiberna

229 825 458 875 legionibus,
492 828 676 864 maximas
695 827 916 874 largitiones
936 827 1044 872 fecit,
1072 833 1125 871 et,
1146 827 1374 863 confirman-

231 886 365 923 dorum
396 888 557 925 militum
579 901 724 934 caussa,
744 888 975 937 diripiendas
995 887 1040 924 iis
1060 888 1234 924 civitates
1254 888 1370 924 dedit.

282 948 450 985 XXXII.
505 950 663 986 Interim
679 949 923 986 acerbissime
951 948 1158 998 imperatae
1186 948 1372 998 pecuniae

229 1016 311 1046 tota
329 1010 525 1060 provincia
553 1010 820 1060 exigebantur.
875 1009 1001 1046 Multa
1029 1017 1230 1059 praeterea
1256 1022 1373 1058 gene·

230 1070 340 1107 ratim
361 1072 409 1108 ad
428 1072 621 1109 avaritiam
642 1071 975 1121 excogitabantur.
1030 1069 1075 1106 In
1096 1070 1223 1120 capita
1240 1070 1371 1120 singu—

230 1131 268 1169 la
282 1145 478 1169 servorum
499 1146 542 1169 ac
563 1133 768 1170 liberorum
788 1132 972 1169 tributum
992 1131 1280 1181 imponebatur:
1310 1145 1375 1169 co-

229 1192 429 1238 lumnaria,
451 1194 616 1238 ostiaria,
646 1193 893 1239 frumentum,
923 1192 1076 1237 milites,
1105 1192 1281 1242 remiges,
1315 1205 1373 1229 ar·

231 1267 306 1299 ina,
336 1262 539 1300 tormenta,
567 1262 762 1299 vecturae,
790 1254 1086 1303 imperabantur.
1142 1254 1261 1304 Cujus
1293 1267 1373 1292 mo-

230 1314 279 1352 do
299 1316 353 1353 rei
373 1329 513 1353 nomen
542 1315 700 1366 reperiri
733 1322 898 1364 poterat,
930 1315 1004 1351 hoc
1024 1314 1114 1352 satis
1135 1327 1219 1352 esse
1237 1316 1285 1353 ad
1306 1329 1371 1353 co-

228 1376 374 1427 gendas
393 1377 576 1427 pecunias
596 1376 808 1413 videbatur.
852 1374 938 1412 Non
958 1375 1080 1412 solum
1101 1376 1271 1422 urbibus,
1307 1378 1375 1415 sed

230 1449 352 1487 paene
372 1437 464 1475 vicis
485 1436 729 1486 castellisque
749 1435 921 1485 singuliS‚
953 1448 1039 1485 cum
1061 1436 1219 1486 imperio
1240 1437 1375 1486 praefi-

229 1497 441 1535 ciebantur.
480 1498 555 1540 Qui
572 1498 707 1534 horum
723 1497 813 1547 quid
833 1496 1077 1534 acerbissime
1092 1497 1372 1535 crudelissime-

231 1571 305 1608 que
321 1559 480 1604 fecerat,
501 1559 530 1595 is
546 1566 584 1596 ct
599 1558 656 1595 vir
670 1566 709 1595 et
728 1558 821 1595 civis
840 1557 1004 1608 optimus
1024 1557 1249 1595 habebatur.
1279 1557 1372 1595 Erat

230 1618 345 1668 plena
363 1619 541 1656 lictorum
559 1626 598 1656 et
613 1619 856 1669 imperiorum
875 1617 1084 1667 provincia,
1101 1616 1248 1654 differta
1263 1631 1371 1667 prae-

230 1679 351 1728 ceptis
383 1687 497 1730 atque
529 1680 786 1724 exactoribus,
815 1679 892 1729 qui,
913 1686 1066 1728 praeter
1086 1680 1288 1728 imperatas
1307 1693 1372 1729 pe-

229 1740 374 1786 cunias,
394 1754 462 1778 suo
482 1741 596 1778 etiam
617 1740 764 1790 privato
781 1739 1008 1789 conmendio
1025 1740 1265 1776 serviebant:
1293 1740 1373 1777 dic-

231 1804 395 1841 titabant
422 1805 537 1848 enim,
570 1817 624 1849 se,
658 1804 772 1840 domo
802 1803 1000 1853 patriaque
1027 1802 1221 1853 expulsos,
1254 1804 1373 1840 omni-

228 1865 300 1902 bns
327 1865 550 1902 necessariis
578 1878 692 1915 egere
725 1865 852 1908 rebus,
886 1870 928 1900 ut
947 1863 1109 1899 honesta
1128 1863 1373 1914 praescripti-

229 1938 302 1962 one
324 1939 401 1962 rem
423 1926 676 1976 turpissimam
698 1931 886 1973 tegerent.
935 1924 1189 1961 Accedebant
1209 1924 1256 1960 ad
1276 1925 1372 1962 haec

227 1986 469 2035 gravissimae
485 1999 635 2031 usurae,
656 1985 759 2035 quod
779 1985 814 2021 in
829 1985 931 2021 bello
947 1985 1171 2035 plerumque
1191 1986 1369 2024 accidere

229 2048 441 2092 consuevit,
462 2048 646 2084 universis
667 2045 861 2096 imperatis
876 2045 1069 2095 pecuniis:
1099 2046 1237 2096 quibus
1256 2046 1294 2083 in
1313 2059 1372 2084 re·

228 2106 298 2143 bus
318 2107 568 2156 prolationem
590 2107 663 2144 diei
685 2106 930 2144 donationem
948 2118 1028 2144 esse
1048 2106 1239 2144 dicebant.
1294 2107 1371 2145 Ita-

228 2179 302 2216 que
322 2179 384 2202 aes
405 2167 569 2204 alienum
590 2166 811 2216 provinciae
831 2180 877 2203 eo
901 2167 1056 2203 biennio
1075 2167 1370 2217 multiplicatum

227 2236 297 2264 est.
352 2227 489 2277 Neque
517 2228 641 2264 minus
671 2228 719 2264 ob
748 2240 830 2265 eam
857 2240 1029 2265 caussam
1063 2227 1208 2265 civibus
1229 2228 1369 2266 Roma-

228 2288 285 2325 nis
305 2290 387 2339 ejus
407 2288 639 2339 provinciae,
661 2289 728 2325 scd
748 2288 785 2325 in
805 2288 975 2338 singulos
994 2295 1219 2335 conventus,
1242 2289 1372 2340 singu-
