1472 2664
231 251 304 287 218
668 251 715 287 A.
754 249 931 287 HIRTII

228 351 374 388 buerat.
415 350 523 389 Idem
536 350 626 390 facit
642 351 785 403 Scipio,
803 360 918 403 atque
932 352 975 390 in
987 350 1143 402 antiqua
1157 357 1282 389 castra
1301 364 1365 390 co-

188 409 193 413 ’
227 411 308 460 pias
327 411 487 448 reducit.

278 471 482 508 LXXVII.
535 471 806 510 Thabenenses
833 473 998 518 interim,
1032 473 1095 523 qui
1124 473 1193 510 sub
1222 472 1370 512 ditione

227 539 266 568 et
285 539 474 582 potestate
494 532 618 569 Jubae
638 545 722 570 esse
744 533 1008 579 consuessent,
1036 532 1075 570 in
1093 539 1268 570 extrema
1285 534 1368 582 ejus

226 593 333 642 regni
354 593 510 643 regione
528 593 717 631 maritima
744 594 874 639 locati,
901 592 1106 631 interfecto
1125 593 1232 643 regio
1259 605 1370 643 prae-

227 653 336 698 sidio,
355 654 502 704 legatos
521 654 570 691 ad
589 654 792 692 Caesarem
810 654 967 694 mittunt
985 670 994 697 ;
1023 666 1102 690 rem
1122 666 1145 691 a
1162 666 1202 691 se
1221 660 1370 704 gestam

227 713 385 752 docent:
404 722 541 764 petunt
560 722 761 765 orantque,
781 722 823 752 ut
839 714 915 752 suis
931 714 1094 752 fortunis
1113 714 1275 765 populus
1292 713 1370 750 Ro-

227 785 375 817 manus,
391 773 492 823 quod
506 774 605 811 bene
618 774 745 811 meriti
760 782 900 819 essent,
915 774 1099 811 auxilium
1115 774 1245 812 ferret.
1273 773 1370 811 Cae-

226 846 299 878 sar,
319 845 452 872 eorum
472 834 630 871 consilio
646 835 824 884 probato,
844 834 1036 874 Marcium
1057 835 1233 885 Crispum
1253 834 1372 872 tribu-

226 907 317 930 num
337 906 424 930 cum
444 894 618 940 cohorte,
648 902 687 931 et
706 894 927 944 sagittariis,
957 893 1235 943 tormentisque
1266 906 1371 932 com·

227 955 411 1004 pluribus,
430 954 619 1004 praesidio
639 954 863 992 Thabenarn
884 954 1014 992 mittit.
1054 952 1201 991 Eodem
1222 960 1371 1004 tempo-

228 1027 268 1051 re
288 1027 338 1051 ex
357 1014 572 1064 legionibus
592 1015 766 1053 omnibus
784 1015 938 1060 milites,
967 1015 1033 1065 qui
1050 1022 1117 1052 aut
1142 1015 1276 1053 morbo
1303 1014 1372 1052 im·

227 1075 361 1125 pediti,
379 1082 458 1121 aut,
479 1082 695 1113 commeatu
713 1076 818 1121 dato,
837 1088 926 1114 cum
940 1075 1058 1125 signis
1073 1087 1149 1112 non
1169 1082 1375 1126 potuerant.

227 1142 316 1172 ante
336 1135 495 1173 transire
510 1134 548 1172 in
564 1135 749 1181 Africam,
764 1135 813 1173 ad
828 1135 946 1173 millia
962 1147 1016 1181 ιν,
1035 1135 1185 1186 equites
1200 1147 1267 1181 cn,
1287 1135 1374 1173 fun-

228 1195 372 1234 ditores
387 1195 650 1246 sagittariique
669 1195 785 1241 mille‚
802 1208 879 1234 uno
899 1203 1118 1235 commeatu
1134 1196 1290 1234 Caesari
1308 1209 1374 1234 oc-

227 1262 441 1293 currerunt.
487 1255 622 1306 Itaquc
637 1269 724 1294 cum
739 1256 798 1294 his
817 1256 951 1306 copiis,
967 1264 1006 1294 et
1022 1256 1196 1295 omnibus
1210 1256 1373 1307 legioni-

226 1316 298 1354 bus
323 1315 484 1361 eductis,
514 1317 613 1353 sicut
641 1322 724 1354 erat
754 1315 978 1362 instructus,
1012 1327 1076 1354 nx
1095 1316 1260 1354 millibus
1287 1329 1374 1368 pas-

228 1389 338 1414 suum
366 1377 413 1413 ab
440 1375 518 1413 suis
547 1375 695 1421 castris,
725 1376 771 1413 ab
803 1375 992 1426 Scipionis
1019 1388 1109 1415 vero
1132 1387 1180 1414 1v
1206 1377 1373 1415 millibus

229 1450 407 1488 passuum
427 1437 555 1487 longe,
575 1435 747 1475 constitit
765 1435 803 1473 in
824 1448 974 1486 campo.

278 1497 504 1534 LXXVIII.
556 1497 650 1534 Erat
681 1496 863 1548 oppidum
890 1496 989 1535 infra
1019 1504 1144 1536 castra
1163 1497 1370 1549 Scipionis,

229 1560 382 1597 nomine
403 1559 547 1607 Tegea,
584 1558 647 1594 ubi
668 1557 900 1608 praesidium
927 1552 1105 1608 equestre
1139 1559 1293 1597 circiter
1317 1572 1371 1597 cn

229 1632 387 1657 numero
406 1619 548 1656 habere
569 1620 787 1656 consuerat.
845 1618 904 1656 Eo
920 1619 1093 1668 equitatu
1109 1619 1248 1658 dextra
1266 1619 1374 1658 sinis-

229 1689 362 1730 traque
383 1680 530 1718 directo
551 1679 597 1716 ab
611 1679 742 1729 oppidi
756 1679 954 1724 lateribus,
975 1680 1070 1729 ipse,
1091 1680 1306 1730 legionibus
1322 1693 1373 1719 ex

231 1741 364 1779 castris
382 1740 546 1785 eductis,
574 1748 690 1790 atque
710 1740 746 1776 in
757 1741 852 1790 jugo
869 1740 1047 1777 inferiore
1068 1741 1277 1787 instructis,
1296 1754 1374 1780 non

230 1802 380 1852 longius
395 1801 474 1838 fere
495 1812 526 1837 M
545 1813 677 1851 passus
690 1801 736 1838 ab
752 1801 828 1838 suis
843 1800 1115 1839 munitionibus
1135 1814 1373 1852 progressus,

232 1865 269 1900 in
286 1864 367 1901 acie
381 1863 566 1901 constitit.
606 1861 814 1913 Postquam
830 1861 971 1898 diutius
987 1861 1024 1898 in
1045 1874 1121 1899 uno
1136 1862 1221 1901 loco
1244 1863 1374 1913 Scipio

231 1924 551 1968 commorabatur,
579 1930 618 1960 et
637 1931 787 1973 tempus
806 1922 880 1960 diei
900 1922 938 1958 in
958 1921 1037 1960 otio
1056 1924 1376 1968 consumebatur3

232 1987 372 2023 Caesar
391 1984 561 2034 equitum
580 1991 723 2020 turmas
735 1996 887 2021 suorum
902 1984 1014 2032 jubet
1028 1983 1068 2020 in
1081 1983 1248 2021 hostium
1267 1985 1375 2035 equi-

231 2053 367 2090 tatum,
396 2045 460 2095 qui
480 2044 527 2081 ad
555 2044 738 2095 oppidum
757 2043 795 2080 in
825 2044 988 2081 statione
1015 2051 1111 2089 erat,
1143 2044 1273 2082 facere
1301 2045 1371 2082 im-

231 2106 480 2158 pressionem,
507 2105 706 2154 levemque
726 2112 970 2149 armaturam,
1006 2104 1222 2154 sagittarios
1246 2105 1374 2143 fundi-

233 2175 427 2216 toresque,
455 2165 592 2202 eodem
612 2164 813 2202 submittit.
870 2164 985 2206 Quod
1015 2165 1079 2203 ubi
1109 2172 1288 2214 coeptum
1316 2172 1375 2202 cst

232 2227 328 2272 fieri,
356 2234 395 2263 et
422 2226 530 2275 equis
560 2224 760 2262 concitatis
791 2224 936 2262 Juliani
961 2225 1143 2275 impetum
1174 2225 1371 2268 fecissem

234 2287 414 2325 Pacidius
426 2299 512 2324 suos
532 2286 681 2336 equites
700 2285 948 2336 exporrigere
968 2285 1095 2335 coepit
1115 2285 1154 2324 in
1167 2285 1372 2336 longitudi-
