1472 2664
214 236 290 273 156
649 235 699 272 A.
745 235 924 274 HIRTII

213 337 261 375 ab
281 348 329 375 eo
349 342 512 388 peteret,
538 337 715 376 celeriter
733 338 824 376 dato
843 339 944 385 loco,
973 351 1088 390 quum
1108 350 1149 376 se
1170 337 1356 378 insinuas-

211 405 284 443 set,
305 398 456 436 sinistra
474 398 633 449 corripit
647 412 750 445 eum,
769 400 982 450 dextraque
1002 400 1058 436 bis
1072 399 1162 437 serit
1176 400 1356 450 pugione.

212 459 390 497 Clamore
422 459 586 505 sublato,
614 459 659 497 fit
686 472 709 497 a
728 461 936 509 conjuratis
966 460 1128 510 impetus
1162 460 1358 498 universis.

210 518 410 557 Munatius
430 520 589 558 Flaccus
618 520 835 571 proximum
855 521 983 569 gladio
1010 520 1150 570 trajicit
1169 520 1357 558 lictorem.

210 579 302 618 Hoc
316 581 535 627 interfecto,
556 583 603 624 Q.
621 581 792 620 Cassium
814 582 982 632 legatum
1003 582 1190 619 vulnerat.
1229 581 1289 618 Ibi
1310 581 1356 618 T.

210 640 348 679 Vasius
381 648 421 679 et
449 642 493 680 L.
514 642 711 692 Mergilio,
741 642 853 679 simili
881 643 1127 687 confidentia,
1157 642 1355 687 Flaccum,

207 702 439 753 municipem
461 716 585 749 suum,
612 702 820 753 adjuvant:
849 711 958 740 erant
978 704 1078 740 enim
1100 716 1232 741 omnes
1252 702 1358 740 Itali-

207 775 355 800 censes.
422 763 487 800 Ad
518 764 642 815 ipsum
670 763 890 814 Longinum
922 764 968 800 L.
996 764 1168 802 Licinius
1189 763 1357 814 Squillus

206 821 363 868 involat,
380 824 652 874 jacentemque
672 823 818 861 levibus
837 825 985 861 sauciat
1004 825 1138 874 plagis.

255 882 368 920 LIII.
405 884 662 922 Concurritur
676 885 725 922 ad
738 885 911 922 Cassium
925 885 1233 922 defendendum:
1256 897 1355 922 sem-

202 955 273 994 per
287 944 389 981 enim
404 945 568 983 bcrones
583 946 878 996 compluresque
895 953 1075 983 evocatos
1094 959 1182 984 cum
1198 946 1283 984 telis
1298 959 1357 985 se-

204 1017 292 1042 cum
312 1005 454 1043 habere
472 1013 741 1044 consueverat:
761 1019 781 1043 a
798 1008 939 1057 quibus
955 1007 1074 1044 ceteri
1092 1007 1357 1045 intercludun-

204 1072 279 1111 tur,
310 1065 374 1116 qui
393 1065 442 1103 ad
462 1067 619 1104 caedem
639 1066 855 1104 faciendam
884 1067 1240 1117 subsequebantur3
1278 1080 1354 1118 quo

201 1125 240 1162 in
261 1138 420 1163 numero
436 1126 508 1164 fuit
523 1127 752 1178 Calpurnius
769 1127 980 1171 Salvianus,
1001 1134 1039 1164 et
1054 1127 1237 1164 Manilius
1254 1127 1352 1165 Tus-

201 1186 323 1222 culus.
371 1186 560 1224 Minutius
579 1188 680 1225 inter
697 1200 803 1233 saxa,
824 1200 922 1238 quae
937 1189 1120 1237 jacebant
1140 1188 1177 1225 in
1197 1188 1351 1234 itinere,

198 1246 351 1297 fugiens
372 1247 613 1298 opprimitur,
634 1255 686 1295 et,
709 1249 829 1286 relato
849 1249 1002 1285 domum
1026 1249 1173 1295 Cassio,
1193 1250 1241 1287 ad
1262 1263 1351 1287 eum

199 1307 416 1345 deducitur.
476 1308 644 1346 Racilius
663 1310 701 1346 in
721 1309 935 1360 proximam
956 1322 996 1346 se
1017 1310 1171 1347 domum
1192 1310 1352 1348 familia·

198 1367 249 1404 ris
269 1368 326 1405 sui
349 1368 513 1415 confert,
534 1369 624 1406 dum
640 1377 789 1407 certum
810 1377 1077 1419 cognosceret,
1098 1370 1350 1409 confectusne

198 1429 352 1466 Cassius
373 1437 486 1467 esset.
523 1430 570 1467 L.
589 1430 826 1476 Laterensis,
847 1444 962 1481 quum
984 1430 1022 1467 id
1042 1444 1118 1468 non
1140 1432 1349 1479 dubitaret,

196 1491 366 1527 accurrit
384 1491 506 1528 laetus
526 1491 565 1527 in
585 1498 734 1534 castra;
762 1491 946 1528 militibus
966 1491 1194 1537 vernaculis,
1223 1499 1263 1530 et
1291 1506 1351 1531 se-

196 1551 347 1588 cundae
380 1551 559 1601 legionis,
587 1552 725 1602 quibus
746 1552 835 1589 odio
854 1547 1001 1589 sciebat
1021 1551 1230 1603 praecipue
1254 1554 1351 1592 Cas·

195 1610 291 1648 sium
313 1624 409 1658 esse,
429 1613 668 1662 gratulatur:
698 1612 845 1650 tollitur
863 1624 885 1649 a
904 1612 1149 1650 multitudine
1169 1614 1206 1651 in
1228 1615 1349 1653 tribu·

195 1672 284 1711 nal:
304 1681 460 1723 praetor
475 1674 702 1724 appellatur.
734 1674 859 1711 Nemo
875 1674 990 1720 enim,
1010 1675 1128 1711 autin
1150 1676 1348 1726 provincia

193 1740 322 1779 natus,
342 1742 408 1771 aut
426 1735 656 1772 vernaculae
675 1734 838 1785 legionis
857 1735 981 1779 miles,
1008 1742 1074 1772 aut
1095 1736 1346 1775 diuturnitate

192 1798 270 1845 jam
291 1796 416 1834 sactus
446 1796 701 1846 provincialis,
734 1809 810 1846 quo
832 1796 867 1832 in
890 1809 1050 1832 numero
1070 1804 1153 1835 erat
1173 1809 1205 1834 11
1226 1798 1344 1848 legio,

193 1871 270 1894 non
302 1871 390 1895 cum
417 1858 519 1894 omni
546 1858 744 1908 provincia
763 1865 1011 1894 consenserat
1031 1857 1066 1893 in
1089 1858 1178 1895 odio
1199 1859 1343 1897 Cassii:

192 1931 279 1956 nam
308 1919 481 1969 legiones
500 1931 582 1956 xxx
609 1926 648 1956 et
667 1931 754 1964 xm,
789 1918 920 1968 paucis
949 1919 1145 1955 mensibus
1165 1918 1202 1956 in
1234 1919 1347 1957 Italia

191 1980 368 2030 scriptas,
403 1981 544 2017 Caesar
562 1980 792 2017 attribuerat
812 1979 1018 2029 Longino:
1050 1992 1075 2016 v
1096 1980 1198 2030 legio
1217 1993 1342 2031 nuper

190 2040 242 2077 ibi
263 2048 344 2077 erat
366 2041 556 2079 confecta.

240 2101 347 2138 LIV.
401 2101 562 2139 Interim
583 2102 788 2140 nunciatur
814 2102 1030 2147 Laterensi,
1062 2102 1190 2139 vivere
1215 2102 1340 2140 Cassi-

190 2177 266 2201 um.
320 2165 407 2206 Quo
428 2165 584 2209 nuncio,
605 2164 736 2201 dolore
753 2164 874 2214 magis
894 2171 1102 2213 perinotuS,
1125 2175 1236 2213 quam
1256 2164 1338 2201 ani-

188 2238 251 2261 mo
282 2226 542 2274 perturbatus,
571 2224 695 2262 reficit
722 2237 763 2262 se
783 2225 976 2269 celeriter,
1010 2231 1048 2260 et
1079 2224 1127 2261 ad
1161 2224 1333 2262 Cassium

187 2285 385 2324 visendum
407 2284 677 2339 proficiscitur.
733 2285 792 2322 Rc
812 2285 981 2335 cognita,
1001 2296 1080 2322 xxx
1102 2285 1203 2335 legio
1223 2285 1333 2336 signa
