1472 2664
566 232 730 270 LIBER
782 233 835 269 11.
1217 229 1263 268 83

127 336 389 381 crassitudine,
419 342 534 386 atque
562 348 693 373 eorum
718 347 914 371 murorum
939 332 1264 382 contignationem

125 397 252 435 facere
282 395 540 440 instituerunt,
571 408 696 446 aequa
711 395 791 433 fere
820 394 1034 438 latitudine,
1066 400 1181 443 atque
1199 392 1262 428 ille

126 465 333 508 congestus
350 469 400 494 ex
418 457 577 494 materia
594 456 720 493 fuerat
738 468 868 505 agger.
921 454 1000 492 Ubi
1017 460 1083 491 aut
1098 453 1264 503 spatium

125 518 226 554 inter
242 530 384 562 muros,
403 524 469 554 aut
489 516 730 553 imbecillitas
746 515 927 552 materiae
946 514 1139 564 postulare
1158 513 1264 551 vide-

123 587 239 624 retur,
273 578 373 628 pilae
397 577 709 627 interponuntur,
738 575 1009 612 transversaria
1040 574 1148 624 tigna
1177 573 1264 623 inji-

121 639 289 681 ciuntur,
324 649 421 688 quae
439 636 678 674 firmamento
697 647 781 672 esse
799 635 971 686 possint3
1004 641 1057 679 et,
1077 633 1264 684 quidquid

122 706 181 735 est
195 698 474 748 contignatum,
493 697 661 734 cratibus
676 695 948 740 consternitur,
968 701 1168 744 cratesque
1180 694 1263 731 luto

121 758 356 808 integuntur.
412 757 492 794 Sub
510 764 615 795 tecto
633 756 755 800 miles,
774 755 934 792 dextera
953 767 998 792 ac
1016 754 1167 791 sinistra
1178 767 1261 790 mu·

120 831 166 855 ro
182 826 320 863 tectus,
344 818 529 854 adversus
546 816 666 868 plutei
686 817 854 865 objectu,
882 815 990 864 operi
1010 826 1264 864 quaecunque

120 877 207 915 usui
224 886 328 924 sunt,
359 878 439 914 sine
458 877 629 928 periculo
648 882 858 927 supportat.
912 874 1099 912 Celeriter
1116 886 1177 911 res
1195 874 1263 911 ad-

120 938 372 975 ministratur:
394 938 563 975 diuturni
582 937 721 974 laboris
739 935 1011 973 detrimentum
1030 934 1201 972 sollertia
1219 942 1260 971 et

119 998 261 1037 virtute
279 999 442 1035 militum
459 998 566 1035 brevi
584 997 890 1035 reconcinnatur.
946 995 1100 1040 Portae,
1122 995 1261 1045 quibus

120 1059 214 1096 locis
235 1059 398 1104 videtur,
416 1058 630 1109 eruptionis
647 1069 781 1096 caussa
798 1057 836 1093 in
855 1069 964 1094 muro
982 1055 1261 1105 relinquuntur.

174 1119 284 1156 XVI.
335 1118 451 1160 Quod
466 1119 532 1155 ubi
549 1118 681 1155 hostes
697 1117 890 1161 viderunt,
908 1129 967 1161 ea,
986 1128 1083 1166 quae
1098 1114 1164 1154 diu
1177 1115 1261 1152 lon-

119 1191 246 1230 goque
277 1179 402 1230 spatio
419 1179 527 1217 refici
553 1191 631 1216 non
649 1190 761 1229 posse
788 1178 1021 1228 sperassent,
1047 1188 1262 1226 paucorum

118 1237 269 1275 dierum
286 1249 405 1288 opera
421 1245 461 1276 et
474 1237 604 1276 labore
623 1238 678 1275 ita
693 1237 853 1283 refecta,
871 1244 914 1274 ut
932 1236 1057 1274 nullus
1076 1235 1259 1285 perfidiae

118 1311 244 1348 neque
263 1298 456 1348 eruptioni
473 1298 584 1349 loc-us
597 1306 712 1343 esset,
731 1309 856 1348 neque
877 1297 1083 1348 quidquam
1104 1295 1258 1339 omnino

119 1358 415 1408 relinqueretur,
434 1370 513 1408 quo
530 1365 596 1395 aut
614 1358 651 1395 vi
670 1357 868 1402 militibus,
887 1365 953 1394 aut
968 1355 1047 1407 igni
1066 1355 1259 1406 operibus,

118 1420 251 1457 noceri
271 1425 415 1469 possen
434 1418 649 1469 eodemque
663 1418 841 1468 exemplo
855 1418 1037 1462 sentiunt,
1056 1424 1177 1454 totam
1196 1429 1256 1454 ur-

118 1482 220 1524 bem,
251 1491 327 1529 qua
343 1479 393 1516 sit
410 1479 536 1516 aditus
562 1480 610 1516 ab
631 1488 745 1523 terra,
776 1491 886 1515 muro
914 1478 1159 1527 turribusque
1184 1477 1259 1515 cir-

120 1540 256 1578 cumiri
287 1551 414 1590 posse,
441 1539 511 1584 sic,
537 1547 580 1576 ut
599 1539 688 1589 ipsis
708 1537 942 1577 consistendi
972 1537 1010 1574 in
1029 1537 1105 1575 suis
1135 1538 1258 1574 muni·

120 1601 288 1638 tionibus
319 1601 428 1638 locus
447 1612 523 1636 non
542 1609 659 1645 esset,
685 1613 799 1650 quum
820 1611 942 1649 paene
960 1598 1202 1636 inaedificata
1219 1599 1259 1635 in

119 1660 238 1698 muris
262 1661 310 1698 ab
330 1659 506 1697 exercitu
524 1667 654 1696 nostro
681 1659 833 1696 moenia
857 1658 1093 1702 viderentur,
1118 1670 1165 1695 ac
1182 1658 1261 1696 tela

113 1730 234 1759 manu
253 1721 558 1770 conjicerentur;
583 1731 815 1768 suorumque
835 1725 1115 1756 tormentorum
1134 1730 1259 1764 usum,

118 1783 258 1834 quibus
273 1782 345 1832 ipsi
363 1793 502 1831 magna
519 1780 788 1831 speravissent‚
814 1778 938 1829 spatio
965 1778 1260 1828 propinquitatis

92 1884 100 1890 ,
118 1843 272 1881 interire
287 1858 296 1886 ;
323 1842 483 1893 parique
501 1840 722 1878 conditione
742 1851 792 1877 ex
809 1852 917 1876 muro
933 1851 981 1876 ac
991 1838 1162 1877 turribus
1176 1838 1258 1877 bel-

118 1903 223 1941 landi
239 1902 344 1947 data,
361 1902 505 1940 virtute
520 1914 562 1938 se
580 1900 721 1938 nostris
738 1900 953 1950 adaequare
972 1911 1050 1936 non
1069 1911 1182 1948 posse
1199 1898 1258 1937 in·

116 1963 318 2013 telliguntz
336 1963 386 2001 ad
400 1962 554 2000 easdem
569 1961 776 1999 deditionis
791 1959 1030 1998 conditiones
1041 1967 1260 1999 recurrunt.

167 2023 298 2061 xvn.
337 2022 398 2060 M.
415 2022 541 2060 Varro
551 2022 591 2059 in
604 2021 786 2059 ulteriore
805 2020 1007 2071 Hispania,
1026 2019 1152 2064 initio,
1166 2031 1260 2070 cog·

116 2084 208 2121 uitis
235 2083 281 2121 iis
299 2084 427 2128 rebus,
457 2094 558 2134 quae
584 2089 674 2120 sunt
701 2081 742 2122 in
767 2080 881 2119 Italia
907 2089 1054 2130 gestae,
1085 2078 1259 2117 diffidam

118 2143 361 2195 Pompeianis
376 2143 504 2189 rebus,
522 2142 750 2193 amicissime
764 2141 813 2179 de
825 2141 991 2179 Caesare
1007 2140 1257 2190 loquebatur:

115 2212 457 2256 praeoccupatum,
483 2215 581 2250 sese,
609 2202 806 2253 legatione
823 2202 871 2240 ab
891 2201 963 2240 Cn.
984 2201 1183 2252 Pompeio,
1200 2209 1258 2238 te-

116 2265 202 2308 neri
214 2265 442 2303 obstrictum
456 2264 552 2303 fide:
571 2263 895 2303 necessitudinem
910 2262 1065 2315 quidem
1078 2262 1150 2302 sibi
1160 2261 1257 2310 nihi⁴

193 2325 303 2363 ΤοΜ.
329 2325 382 2363 ΙΙ.
663 2322 697 2360 E
