1472 2664
280 268 351 302 100
581 265 656 302 DE
702 265 880 304 BELLO
928 267 1094 305 ClVILI

274 368 467 413 studebat,
488 375 526 405 et
545 369 621 405 suis
640 376 683 405 ut
701 376 804 406 esset
822 370 979 414 auxilio,
1000 377 1051 415 et,
1071 370 1120 407 ad
1140 370 1411 421 opprimendos

273 428 522 474 adversarios,
542 442 589 465 ne
610 430 802 467 occasioni
820 431 1001 481 temporis
1023 431 1184 468 deesset.
1223 430 1299 468 Sed
1315 432 1412 470 Cae-

273 501 395 525 sarem
414 490 615 539 Apollonia
629 503 653 527 a
665 491 812 528 directo
828 491 964 529 itinere
980 500 1187 530 averterat:
1208 492 1414 543 Pompeius

273 562 341 599 per
361 550 593 587 Candaviam
613 551 685 588 iter
704 551 741 588 in
763 551 1032 589 Macedoniam
1053 553 1277 603 expeditum
1298 554 1413 591 habe-

273 610 352 646 bat.
382 611 560 647 Accessit
575 611 689 648 etiam
704 624 754 649 ex
769 612 973 663 improviso
990 613 1094 650 aliud
1113 614 1412 660 incommodum,

275 672 379 721 quod
397 671 592 709 Domitius
635 672 697 722 qui
718 672 798 710 dies
821 673 1038 723 complures
1065 674 1198 711 castris
1226 674 1415 724 Scipionis

276 740 399 769 castra
425 733 562 769 collata
602 733 798 779 inbuisset,
827 733 882 770 rei
906 734 1177 771 frumentariae
1207 747 1340 772 caussa
1367 735 1414 772 ab

275 802 322 827 eo
341 790 581 836 discesserat,
609 799 649 829 et
678 792 922 838 Heracleam,
959 794 1202 843 [Senticam]
1240 807 1338 845 quae
1358 803 1416 831 est

274 851 447 900 subjecta
477 851 706 895 Candaviae,
738 853 810 889 iter
828 852 998 895 fecerat;
1027 862 1068 891 ut
1101 855 1181 904 ipsa
1198 855 1354 892 fortuna
1372 854 1415 890 il-

274 912 352 949 lum
373 912 540 962 objicere
561 912 744 962 Pompeio
762 912 969 950 videretur.
1008 914 1118 951 Haec
1138 915 1186 951 ad
1206 915 1244 952 id
1264 923 1416 965 tempus

275 972 416 1009 Caesar
436 973 648 1022 ignorabat.
703 974 837 1020 Simul,
866 986 890 1011 a
907 973 1092 1024 Pompeio
1109 975 1229 1012 literis
1248 988 1317 1025 per
1335 988 1415 1012 om·

274 1046 342 1070 nes
373 1034 588 1083 provincias
622 1033 872 1085 civitatesque
904 1035 1067 1071 dimissis
1099 1035 1146 1072 de
1187 1035 1332 1085 proelio
1368 1036 1417 1072 ad

274 1094 561 1144 Dyrrhachium
587 1093 706 1139 facto,
740 1095 853 1132 latius
872 1095 1116 1146 inflatiusque
1135 1096 1270 1142 multo,
1303 1109 1416 1146 quam

276 1168 335 1191 res
370 1164 451 1192 erat
483 1162 605 1204 gesta,
643 1155 743 1192 fama
775 1157 1060 1206 percrebuerat,
1099 1158 1248 1207 pulsum
1281 1158 1417 1208 fugere

278 1216 495 1261 Caesarem,
523 1229 647 1266 paene
667 1217 844 1254 omnibus
871 1218 991 1268 copiis
1011 1219 1167 1255 amissis.
1224 1219 1336 1256 Haec
1356 1219 1417 1256 iti-

273 1289 366 1313 nera
385 1277 524 1313 infesta
550 1277 795 1314 reddiderat:
823 1277 919 1316 haec
940 1279 1116 1316 civitates
1135 1280 1336 1317 nonnullas
1367 1281 1415 1317 ab

274 1339 356 1386 ejus
375 1337 541 1373 amicitia
561 1345 763 1375 averterat.
801 1339 950 1380 Quibus
968 1340 1111 1377 accidit
1125 1341 1252 1385 nebim,
1272 1347 1315 1377 ut
1333 1341 1418 1391 plu-

273 1399 376 1435 ribus
397 1398 539 1435 dimissi
567 1398 779 1445 itineribus,
807 1412 830 1436 a
858 1400 1024 1438 Caesare
1043 1402 1091 1438 ad
1119 1402 1347 1448 Domitium,
1376 1409 1417 1439 et

274 1459 321 1496 ab
342 1459 515 1496 Domitio
531 1459 578 1496 ad
599 1460 816 1505 Caesarem,
844 1461 949 1498 nulla
967 1461 1114 1499 ratione
1133 1462 1206 1499 iter
1226 1463 1418 1501 conficere

273 1528 443 1569 possent.
500 1520 575 1557 Sed
598 1521 842 1571 Allobroges,
874 1521 1034 1559 Ros-cini
1053 1530 1169 1573 atque
1190 1523 1290 1573 Aegi
1310 1523 1419 1560 fami-

274 1581 401 1626 liares,
422 1594 516 1631 quos
530 1581 744 1631 perfugisse
758 1582 807 1619 ad
822 1582 1046 1632 Pompeium
1063 1584 1419 1630 demonstravimus,

277 1641 488 1691 conspicati
508 1642 546 1677 in
566 1642 702 1679 itinere
723 1643 985 1693 exploratores
1005 1643 1180 1690 Domitii,
1208 1657 1275 1682 seu
1296 1645 1421 1695 pristi-

276 1715 325 1738 na
344 1715 413 1739 sua
431 1703 724 1748 consuetudine,
753 1704 856 1754 quod
877 1717 952 1741 una
971 1704 1008 1740 in
1029 1704 1154 1742 Gallia
1174 1705 1273 1743 bella
1292 1718 1420 1755 gesse-

278 1771 375 1808 rant,
396 1777 463 1800 seu
483 1764 606 1813 gloria
624 1763 726 1807 elati,
749 1772 902 1810 cuncta,
924 1772 965 1801 ut
984 1773 1092 1803 erant
1111 1774 1210 1811 acta,
1230 1780 1421 1817 exposue-

277 1833 379 1868 runt,
406 1833 444 1861 et
465 1824 639 1861 Caesaris
659 1825 935 1874 profectionem
956 1833 993 1864 et
1013 1827 1218 1864 adventum
1249 1827 1419 1878 Pompeii

278 1883 505 1920 docuerunt.
563 1884 597 1919 A
615 1885 751 1934 quibus
766 1884 961 1923 Domitius
977 1887 1118 1924 certior
1131 1887 1269 1932 factus,
1288 1887 1352 1924 vix
1375 1899 1421 1924 [ν

276 1944 455 1980 horarum
476 1944 599 1994 spatio
614 1946 860 1991 antecedens,
881 1947 1046 1984 hostium
1063 1948 1251 1985 beneficio
1271 1949 1420 1999 pericu-

275 2004 352 2041 lum
374 2005 519 2048 vitavit,
548 2013 585 2042 et
605 2005 653 2042 ad
687 2006 909 2055 Aeginium,
938 2008 1041 2057 quod
1060 2015 1116 2046 est
1138 2009 1333 2058 objectum
1354 2022 1422 2059 op-

275 2065 520 2115 positumque
541 2065 774 2112 Thessaliae,
795 2067 947 2104 Caesari
969 2069 1136 2106 venienti
1156 2070 1337 2106 occurrit.

329 2125 490 2162 LXXX.
528 2125 745 2175 Conjuncto
760 2128 950 2173 exercitu,
966 2129 1106 2166 Caesar
1121 2129 1321 2179 Gomphos
1333 2142 1420 2179 per-

276 2186 394 2230 venit,
415 2186 517 2235 quod
537 2194 595 2223 est
614 2187 795 2237 oppidum
816 2189 978 2239 primum
996 2190 1216 2227 TliessaIIae
1231 2190 1418 2227 venienti-

278 2246 348 2281 bus
368 2246 414 2282 ab
439 2245 577 2295 Epir03
607 2260 703 2296 quae
724 2260 818 2297 gens
838 2250 969 2299 paucis
987 2257 1076 2287 ante
1102 2251 1295 2287 mensibus
1321 2250 1421 2288 ultro

279 2306 325 2342 ad
340 2307 542 2345 Caesarem
562 2307 709 2358 legatos
729 2310 895 2356 miserat,
917 2317 958 2348 ut
975 2312 1053 2348 suis
1072 2311 1248 2349 omnibus
1261 2311 1420 2349 faculta-
