1472 2664
215 216 239 249 6
512 212 587 249 DE
634 211 810 249 BELLO
858 213 1023 250 ClVlLI

268 312 374 349 LVI.
428 313 532 350 Dum
552 314 647 351 haee
667 314 716 351 ad
735 314 898 352 Ilerdam
918 323 1117 365 geruntur,
1145 314 1357 353 Massilien-

216 386 291 419 ses,
321 375 377 411 usi
398 374 443 410 L.
464 375 624 412 Domitii
645 375 818 420 consilio,
846 388 962 412 naves
980 377 1112 426 longas
1131 375 1358 427 expediunt,

217 448 376 473 numero
397 447 502 480 xvn,
532 449 690 486 quarum
719 443 826 473 erant
856 448 898 472 xt
920 444 1057 473 tectae.
1124 437 1252 474 Multa
1283 437 1358 474 huc

217 495 364 533 minora
392 496 544 546 navigia
576 496 735 542 addunt,
768 505 810 534 ut
842 497 923 547 ipsa
953 497 1198 535 multitudine
1228 505 1359 535 nostra

214 556 344 593 classis
377 564 588 594 terreatur:
616 569 796 607 magnum
829 570 1028 594 numerum
1061 558 1358 608 sagittariorum,

215 624 400 667 magnum
417 618 656 664 Albicorum,
689 619 736 655 de
757 619 893 668 quibus
921 631 1034 670 supra
1053 619 1355 657 demonstratum

215 685 288 722 est,
309 679 522 728 imponunt,
537 685 653 728 atque
668 679 736 715 hos
750 678 928 728 praemiis
942 678 1358 728 pollicitationibusque

214 738 386 775 incitant.
442 739 577 776 Certas
595 740 666 776 sibi
686 739 860 789 deposcit
878 751 992 775 naves
1013 739 1221 784 Domitius,
1240 747 1356 790 atque

212 797 279 835 has
317 798 461 836 colonis
493 800 799 849 pastoribusque,
833 812 928 849 quos
961 812 1090 836 secum
1127 799 1356 846 adduxerat,

213 859 394 908 complet.
451 859 514 897 Sic
534 861 709 897 omnibus
725 861 839 897 rebus
858 861 1045 897 instructa
1063 860 1198 905 classe,
1217 872 1356 910 magna

212 918 353 956 fiducia
381 920 430 957 ad
463 928 611 958 nostras
631 933 745 958 naves
765 921 993 972 procedunt,
1023 921 1159 971 quibus
1181 928 1352 970 praeerat

210 980 262 1016 D.
284 980 437 1019 Brutus.
491 981 578 1020 Hae
611 982 658 1019 ad
678 982 852 1028 insulam,
873 994 969 1032 quae
989 989 1046 1018 est
1066 988 1201 1018 contra
1219 980 1357 1018 Massi-

212 1041 316 1086 liam,
336 1042 520 1079 stationes
536 1043 773 1080 obtinebant.

262 1103 387 1139 LVII,
442 1103 537 1140 Erat
566 1103 687 1141 multo
716 1103 874 1140 inferior
898 1103 1048 1140 navium
1070 1116 1227 1141 numero
1256 1103 1353 1140 Bru-

209 1171 292 1200 tus:
322 1164 401 1209 sed,
422 1164 594 1202 delectos
614 1178 663 1201 ex
681 1165 858 1201 omnibus
876 1164 1103 1214 legionibus,
1129 1164 1354 1201 fortissimos

210 1224 323 1270 viros,
344 1226 627 1275 antesignanos,
661 1226 905 1262 centuriones
935 1225 1076 1262 Caesar
1095 1224 1131 1261 ei
1163 1224 1273 1261 classi
1292 1230 1349 1261 at-

209 1285 409 1331 tribuerat,
429 1286 493 1336 qui
513 1286 582 1323 sibi
604 1286 641 1322 id
662 1286 829 1322 muneris
849 1285 1167 1336 depoposcerant.
1220 1284 1252 1321 li
1272 1297 1350 1322 ma-

208 1357 278 1380 nus
298 1344 440 1382 ferreas
459 1353 574 1396 atque
595 1345 835 1396 harpagones
861 1352 1110 1395 paraverant;
1137 1357 1353 1395 magnoque

207 1418 368 1442 numero
383 1406 560 1456 pilorum,
581 1407 830 1456 tragularum,
852 1406 1161 1456 reliquorumque
1174 1405 1352 1451 telorum,

207 1478 247 1502 se
276 1465 546 1503 instruxerant.
602 1467 674 1512 Ita,
695 1467 851 1516 cognito
879 1466 1044 1503 hostium
1063 1465 1244 1511 adventu,
1266 1478 1352 1502 suas

206 1538 322 1563 naves
353 1540 400 1563 ex
422 1535 534 1577 portu
554 1528 739 1573 educunt,
772 1541 860 1565 cum
888 1526 1192 1564 Massiliensibus
1219 1525 1352 1562 confli-

207 1594 314 1635 gunt.
370 1587 587 1637 Pugnatum
610 1588 786 1638 utrinque
806 1595 864 1625 est
882 1587 1086 1624 fortissime
1105 1594 1221 1638 atque
1240 1599 1346 1624 acer-

208 1647 299 1683 rime
315 1660 324 1683 :
353 1661 476 1698 neque
494 1649 656 1686 multum
677 1639 806 1686 Albiei
825 1648 965 1686 nostris
983 1648 1123 1686 virtute
1149 1648 1352 1693 cedebant,

205 1707 378 1745 homines
394 1709 515 1759 asperi
532 1717 570 1746 et
590 1709 775 1755 montani,
794 1709 997 1746 exercitati
1018 1709 1054 1745 in
1075 1709 1188 1745 armis
1205 1722 1214 1745 :
1233 1717 1349 1760 atque

207 1768 246 1814 ii,
279 1770 391 1806 modo
412 1770 571 1820 digressi
597 1783 620 1807 a
649 1770 966 1814 Massiliensibus,
999 1776 1196 1806 recentem
1216 1783 1349 1807 eorum

206 1830 518 1880 pollicitationem
549 1831 683 1868 animis
714 1830 984 1873 continebant;
1013 1837 1260 1880 pastoresque
1289 1830 1346 1867 in-

204 1890 352 1936 domiti,
368 1904 434 1942 spe
455 1891 639 1929 libertatis
653 1890 826 1936 excitati,
847 1891 916 1927 sub
937 1890 1057 1927 oculis
1075 1889 1220 1926 domini
1238 1902 1345 1927 suam

204 1951 366 1998 probare
394 1964 547 2001 operam
569 1951 787 1988 studebant.

255 2010 402 2047 LVIII.
457 2011 534 2062 Ipsi
568 2011 840 2057 Massilienses,
860 2018 899 2048 et
918 2010 1116 2049 celeritate
1135 2011 1289 2048 navium
1308 2018 1350 2048 et

204 2071 363 2108 scientia
381 2073 681 2121 gubernatorum
702 2071 849 2116 confisi,
871 2079 1019 2109 nostros
1038 2072 1257 2117 eludebant,
1278 2071 1346 2108 im-

203 2138 393 2182 petusque
423 2146 555 2170 eorum
586 2133 854 2182 excipiebant:
894 2140 946 2178 et,
980 2132 1105 2183 quoad
1136 2132 1275 2169 licebat
1293 2132 1347 2169 la-

205 2192 301 2229 tiore
321 2194 456 2243 spatio,
477 2193 665 2244 producta
683 2193 835 2244 longius
853 2194 950 2239 acie,
971 2193 1244 2231 circumvenire
1260 2205 1345 2229 nos-

204 2261 294 2300 trOS,
314 2262 378 2291 aut
399 2254 569 2307 pluribus
589 2255 746 2293 navibus
765 2254 904 2293 adoriri
934 2254 1115 2305 singulas,
1134 2261 1200 2292 aut
1219 2266 1343 2292 remos
