1472 2664
298 290 373 327 DE
402 291 577 328 BELLO
606 284 781 329 Ach.
808 290 984 328 LIBER.
1135 274 1211 332 ‘217‘

81 391 171 429 thim
189 391 378 438 invitatos,
409 394 654 443 'supersedere
673 406 825 444 pugnae
844 393 1120 439 animadvertit,
1150 406 1209 431 re-

78 450 185 488 ducit
205 452 344 502 copias.
390 453 547 490 Postero
567 454 628 490 die
644 462 766 490 castra
780 461 919 498 movet,
939 460 1052 502 atque
1072 453 1143 490 iter
1161 454 1209 490 ad

77 511 258 560 oppidum
279 512 489 558 Sarsuram,
523 513 586 550 ubi
608 513 736 563 Scipio
757 512 1007 549 Numidarum
1026 512 1209 550 habuerat

75 571 320 619 praesidium,
348 573 657 623 frumentumque
688 579 1006 622 comportaverat‚
1037 572 1090 610 ire
1117 585 1209 610 con-

75 630 210 667 tendit.
262 634 375 674 Quod
395 633 458 670 ubi
479 633 670 670 Labienus
689 631 967 676 animadvertit,
999 644 1084 668 cum
1104 632 1210 682 equi-

76 697 158 726 tatu
176 691 325 742 levique
343 701 534 731 armatura
552 706 689 743 agmen
709 694 790 742 ejus
809 699 1024 729 extremum
1053 705 1209 743 carpere

75 752 223 800 coepit:
244 761 357 803 atque
370 754 423 790 ita
440 754 603 791 lixarum
621 760 966 802 mercatorumque,
982 752 1044 802 qui
1058 752 1210 802 plostris

74 821 220 848 merces
243 814 459 862 portabant,
489 812 711 863 interceptis
739 812 894 850 sarcinis
921 812 1050 850 addito
1070 813 1210 859 animo,

73 871 227 919 propius
246 873 502 924 audaciusque
521 873 672 911 accedit
690 873 738 910 ad
755 872 939 922 legiones,
959 873 1060 922 quod
1079 873 1210 910 existi-

73 931 200 967 mabat
218 932 370 978 milites,
401 935 471 970 sub
491 947 607 971 onere
626 946 671 970 ac
690 934 760 970 sub
779 933 937 970 sarcinis
968 932 1210 983 defatigatos,

72 1003 242 1040 pugnare
272 1006 348 1030 non
368 1006 492 1043 posse.
537 995 645 1035 Quae
664 1006 724 1030 res
745 993 948 1030 Caesarem
967 1006 1043 1030 non
1063 993 1209 1030 fefelle-

73 1058 152 1088 rat:
177 1065 340 1104 namque
356 1054 557 1104 expeditos
575 1066 625 1091 cx
640 1053 797 1103 singulis
815 1052 1029 1102 legionibus
1044 1053 1210 1091 tricenos

71 1111 210 1150 milites
229 1126 311 1151 esse
325 1116 511 1163 jusserat3
538 1115 666 1164 itaque
686 1126 764 1158 eos,
785 1113 822 1149 in
842 1112 1053 1162 equitatum
1071 1113 1209 1150 Labie-

71 1172 111 1208 ni
141 1173 338 1219 immissos,
368 1174 502 1211 turmis
528 1186 682 1211 suorum
710 1172 904 1223 suppetias
928 1172 1056 1209 mittit.
1112 1173 1211 1210 Tum

70 1231 276 1279 Labienus,
305 1234 496 1271 conversis
524 1233 643 1283 equis,
674 1233 867 1282 signorum
888 1239 1098 1281 conspectu
1123 1245 1209 1282 per-

71 1292 239 1338 territus,
271 1294 485 1344 turpissime
505 1293 704 1331 contendit
721 1292 869 1342 fugere,
898 1292 1025 1328 multis
1044 1294 1125 1342 ejus
1144 1306 1210 1330 oc-

71 1353 172 1399 cisis,
200 1354 458 1405 compluribus
485 1353 704 1390 vulneratis.
758 1351 903 1389 Milites
931 1352 1130 1402 legionarii
1160 1354 1208 1390 ad

71 1426 138 1450 sua
156 1427 196 1451 se
216 1415 405 1465 recipiunt
424 1415 547 1464 signa,
565 1421 679 1464 atque
695 1413 768 1449 iter
782 1412 977 1462 inceptum
996 1412 1051 1449 ire
1071 1425 1208 1463 coepe-

69 1481 179 1510 runt:
208 1474 401 1511 Labienus
419 1487 488 1525 per
501 1476 637 1524 jugum
657 1485 845 1510 summum
861 1471 968 1510 collis
987 1472 1207 1511 dextrorsus

70 1534 203 1584 procul
222 1531 400 1585 subsequi
420 1547 496 1572 non
516 1533 676 1572 desistit.

120 1594 301 1630 LXXVI.
353 1595 562 1644 Postquam
583 1594 723 1631 Caesar
741 1593 789 1630 ad
809 1592 990 1644 oppidum
1013 1592 1208 1631 Sarsuram

70 1654 186 1698 venit,
212 1654 514 1704 inspectantibus
540 1653 763 1691 adversariis
789 1653 990 1691 interfecto
1015 1654 1205 1704 praesidio

72 1713 275 1762 Scipionis,
304 1727 420 1764 quum
451 1714 528 1751 suis
555 1713 736 1750 auxilinm
767 1714 866 1751 ferre
897 1725 974 1750 non
1007 1715 1207 1759 auderent,

70 1774 219 1811 fortiter
247 1781 486 1825 repugnante
517 1773 559 1810 P.
591 1773 782 1818 Cornelio,
815 1781 974 1811 evocato
1002 1773 1205 1824 Scipionis,

69 1833 133 1883 qui
153 1834 204 1870 ibi
223 1841 411 1884 praeerat,
434 1841 549 1884 atque
568 1846 590 1869 a
608 1833 850 1870 multitudine
870 1834 1131 1871 circumvento
1149 1834 1206 1871 in-

69 1893 324 1944 ter-sectoque,
340 1894 481 1944 oppido
495 1894 656 1944 potitum
676 1901 805 1944 atque,
824 1894 876 1930 ibi
890 1893 1081 1931 frumento
1093 1906 1204 1932 exer-

69 1953 162 1990 citui
177 1953 282 1999 dato,
301 1962 454 2006 postero
474 1954 536 1991 die
555 1953 604 1991 ad
622 1953 805 2004 oppidum
825 1953 998 1991 Tisdram
1017 1955 1205 2004 pervenit,

68 2012 107 2049 in
128 2025 204 2063 quo
237 2012 439 2050 Considius
467 2025 536 2063 per
555 2013 593 2050 id
620 2020 771 2064 tempus
798 2013 923 2051 fuerat
956 2027 1043 2052 cum
1069 2016 1204 2064 grandi

68 2073 271 2123 praesidio,
300 2073 534 2123 cohorteque
553 2086 621 2111 sua
638 2073 903 2123 gladiatorum.
957 2074 1116 2120 Caesar,
1138 2087 1205 2125 op-

67 2133 147 2184 pidi
171 2142 307 2171 natura
333 2141 553 2184 perspecta,
576 2142 690 2184 atque
708 2134 836 2185 inopia
853 2136 900 2172 ab
919 2136 1205 2186 oppugnatione

68 2195 151 2243 ejus
169 2194 387 2239 deterritus,
412 2194 582 2244 protinus
600 2194 795 2244 profectus
815 2194 969 2232 circiter
987 2195 1103 2232 millia
1121 2209 1207 2246 pas-

68 2265 177 2290 suum
197 2265 258 2299 1v,
287 2253 336 2290 ad
365 2266 500 2304 aquam
525 2253 618 2291 facit
645 2261 782 2300 castra,
811 2262 940 2305 atque,
970 2255 1058 2292 inde
1078 2267 1124 2292 ιν
1143 2257 1213 2295 die'

72 2325 260 2364 egressuS,
278 2314 377 2352 redit
395 2327 526 2352 rursus
543 2314 593 2352 ad
612 2327 658 2352 ea
676 2322 813 2362 castra,
833 2328 929 2366 quae
949 2315 998 2352 ad
1015 2316 1121 2365 Agar
1137 2317 1212 2354 haa'

145 2373 254 2411 ΤοΜ.
283 2374 334 2410 ΙΙ.
590 2374 622 2410 Ε
653 2387 674 2411 e
