1472 2664
257 235 326 273 178
687 231 736 269 A.
777 231 953 269 HIRTu

255 342 335 371 tum
355 333 601 384 equitumque
617 333 750 384 copiis,
769 346 896 371 rursus
911 335 960 372 ad
976 333 1157 385 oppidum
1180 333 1387 385 Ruspinam

255 394 367 440 redit,
386 402 517 445 atque,
548 394 599 430 ibi
620 394 752 431 castris
780 394 1010 440 constitutis,
1039 394 1119 444 ipse
1147 407 1233 432 cum
1254 396 1389 433 cohor-

255 454 356 492 tibus
383 454 572 505 expeditis
598 468 680 492 xxx
697 453 971 491 frumentatum
990 462 1048 492 est
1066 455 1274 504 profectus.
1328 455 1390 492 Ex

254 527 300 551 eo
320 522 379 552 est
405 515 599 564 cognitum
619 514 791 552 Caesaris
810 514 1022 560 consilium,
1043 514 1147 551 illum
1167 527 1254 552 cum
1271 515 1391 552 classe

253 574 410 611 navibus
430 574 626 619 onerariis,
646 586 743 624 quae
763 574 1017 620 deerrassent‚
1036 574 1203 612 subsidio
1220 574 1273 611 ire
1290 575 1388 612 clam

253 634 423 671 hostibus
443 634 620 679 voluisse,
648 647 695 671 ne
722 646 812 671 casu
832 634 1090 685 imprudentes
1109 647 1200 672 suae
1220 647 1334 672 naves
1353 635 1391 671 in

253 694 412 732 classem
437 694 736 732 adversariorum
767 694 1003 732 inciderent:
1047 708 1171 746 neque
1203 707 1286 732 eam
1307 708 1386 732 rem

254 767 319 792 eos
338 754 501 792 voluisse
519 755 632 801 scire,
666 755 730 805 qui
750 755 788 791 in
807 755 1003 805 praesidiis
1023 755 1146 792 relicti
1172 756 1230 793 sui
1256 756 1393 794 milites

251 814 426 860 fuissent,
446 814 501 851 uti
517 814 610 850 nihil
630 822 786 865 propter
805 827 958 851 suorum
978 815 1225 865 paucitatem,
1246 823 1284 853 et
1304 816 1391 854 hos-

253 875 349 912 tium
368 874 665 920 multitudinem,
693 881 799 911 metu
819 873 1039 911 deficerent.

306 935 397 973 XII.
449 934 622 981 Interim,
652 946 769 984 quum
792 935 871 984 jam
891 934 1031 971 Caesar
1048 947 1271 985 progressus
1290 943 1391 973 essct

254 1007 278 1032 a
296 996 429 1033 castris
448 995 600 1033 circiter
618 993 734 1031 millia
754 1006 932 1044 passuum
953 1005 1021 1039 111,
1051 1007 1119 1045 per
1137 994 1396 1044 speculatores

255 1062 295 1093 et
313 1063 575 1094 antecessores
606 1054 754 1105 equites
774 1054 976 1091 nunciatur
995 1054 1045 1099 ei,
1077 1054 1206 1105 copias
1231 1054 1397 1093 hostium

252 1115 357 1153 haud
374 1116 489 1166 longe
508 1116 556 1153 ab
570 1127 651 1152 sese
671 1115 783 1152 visas.
834 1113 885 1151 Et
902 1113 1059 1151 hercule
1078 1126 1166 1151 cum
1184 1126 1230 1152 eo
1250 1114 1394 1152 nuncio

254 1175 378 1225 pulvis
395 1174 529 1225 ingens
557 1174 726 1224 conspici
755 1181 916 1224 coeptus
935 1181 1005 1210 est.
1058 1173 1147 1211 Hac
1165 1187 1206 1211 re
1225 1175 1394 1225 cognita,

255 1235 398 1273 Caesar
412 1234 588 1272 celeriter
602 1235 714 1284 jubet
726 1234 939 1285 equitatum
955 1233 1185 1280 universum,
1205 1237 1314 1285 cujus
1330 1248 1395 1273 co-

252 1295 355 1346 piam
374 1295 506 1333 habuit
539 1295 576 1331 in
596 1294 813 1345 praesentia
832 1307 908 1331 non
927 1306 1117 1344 magnam,
1146 1302 1185 1332 et
1203 1295 1397 1345 sagittari-

255 1368 312 1400 οε,
341 1369 502 1405 quorum
523 1368 660 1406 parvus
679 1367 872 1399 numerus,
891 1367 940 1391 ex
957 1355 1088 1392 castris
1103 1357 1257 1402 arcessi,
1276 1364 1392 1407 atque

255 1416 458 1454 ordinatim
476 1415 585 1466 signa
603 1427 643 1452 se
672 1414 811 1452 leniter
830 1414 1011 1465 consequi
1027 1428 1036 1451 :
1065 1415 1144 1465 ipse
1164 1417 1393 1454 antecedere

256 1490 344 1514 cum
367 1476 499 1527 paucis
531 1475 695 1514 armatis.
747 1474 926 1525 Jamque,
959 1488 1074 1526 quum
1106 1476 1240 1526 procul
1270 1476 1395 1515 hostis·

256 1536 425 1586 conspici
463 1542 604 1586 posset,
631 1535 769 1572 milites
798 1535 835 1571 in
865 1548 1000 1585 campo
1028 1536 1139 1585 jubet
1167 1536 1325 1586 galeati,
1359 1545 1397 1574 et

254 1596 303 1633 ad
330 1609 498 1647 pugnam
524 1595 660 1646 parari.
718 1596 892 1637 Quorum
922 1595 1076 1632 omnino
1109 1608 1288 1633 numerus
1320 1596 1392 1634 fuit

253 1670 337 1694 xxx
352 1656 568 1694 cohortium
591 1669 678 1693 cum
693 1655 883 1706 equitibus
903 1667 970 1701 cn,
998 1663 1036 1692 et
1055 1655 1261 1706 sagittariis
1279 1668 1342 1694 cL.

304 1716 415 1754 XlII.
469 1716 615 1753 Hostes
629 1715 794 1760 interim,
810 1727 969 1765 quorum
990 1715 1069 1752 dux
1088 1723 1170 1753 erat
1182 1715 1391 1763 Labienus,

253 1784 294 1814 et
324 1776 400 1813 duo
430 1775 590 1820 Pacidii,
621 1775 743 1812 aciem
764 1775 933 1825 dirigunt
951 1775 1112 1812 mirabili
1137 1775 1391 1826 longitudine,

252 1850 330 1874 non
357 1836 528 1886 peditum
557 1836 626 1873 sed.
653 1835 837 1885 equitum,
865 1835 1099 1873 confertam:
1137 1845 1177 1874 et
1200 1837 1300 1875 inter
1327 1851 1393 1876 eos

251 1897 346 1935 levis
364 1904 577 1934 armaturae
591 1895 792 1941 Numidas,
811 1902 850 1932 et
865 1895 1080 1945 sagittarios
1095 1897 1257 1947 pedites,
1272 1898 1390 1936 inter-

250 1964 476 2008 posuerant:
504 1956 615 1994 etita
641 1956 981 2001 condensaverant‚
1013 1963 1055 1994 ut
1083 1958 1217 2007 procul
1252 1959 1393 1997 Caesa-

251 2018 346 2055 riani
374 2018 570 2067 pedestres
589 2016 717 2067 copias
746 2016 1042 2054 arbitrarentur:
1083 2025 1125 2055 et
1142 2018 1321 2057 dextrum
1340 2033 1386 2058 ac

251 2078 443 2115 sinistrum
472 2091 590 2115 cornu
621 2077 768 2127 magnis
797 2077 967 2127 equitum
996 2078 1115 2129 copiis
1133 2079 1391 2119 firmaverant.

249 2138 407 2175 Interim
430 2138 571 2175 Caesar
589 2137 712 2174 aciem
741 2136 870 2187 dirigit
897 2137 1121 2188 simplicem,
1154 2145 1197 2175 ut
1226 2146 1391 2189 poterat,

250 2205 408 2250 propter
424 2198 673 2248 paucitatem:
694 2196 910 2247 sagittarios
928 2204 1018 2234 ante
1031 2198 1151 2236 aciem
1169 2199 1367 2237 constituit
1380 2215 1394 2237 :-

250 2259 399 2309 equites
426 2258 564 2296 dextro
591 2257 819 2308 sinistroque
851 2271 971 2296 cornu
1003 2259 1184 2310 opponit:
1230 2267 1284 2306 et,
1320 2260 1394 2307 ita,-
