1472 2664
265 274 313 307 93
593 267 667 304 DE
710 267 888 304 BELLO
931 267 1098 305 CIVILI

265 372 421 408 tinebat.
471 371 576 408 Huic
596 383 683 408 suos
704 371 844 408 Caesar
862 371 1010 421 equites
1029 370 1221 421 opposuit,
1241 370 1398 420 expedi-

264 441 398 483 tosque
429 432 699 482 antesignanos
728 431 930 469 admiscuit
950 444 1027 473 ειη
1055 431 1118 481 qui
1147 438 1293 468 tantum
1313 443 1400 480 pro·

262 492 452 537 fecerunt,
489 500 544 537 ut,
581 491 748 541 equestri
784 490 929 541 proelio
962 492 1177 536 commisso,
1214 490 1401 540 pellerent

265 566 409 599 omnes,
430 552 720 602 compluresque
741 551 1014 596 interficerent,
1042 551 1112 602 ipsi
1132 552 1341 588 incolumes
1360 564 1400 587 se

265 615 312 651 ad
332 627 468 663 agmen
485 614 713 662 reciperent.

315 674 497 712 LXXVI.
553 673 740 711 Confecto
769 675 874 722 justo
905 673 1040 710 itinere
1066 675 1148 722 ejus
1179 672 1268 717 diei,
1302 672 1405 723 quod.

266 742 517 785 proposuerat
536 734 690 778 Caesar,
724 733 1024 783 transductoque
1052 733 1229 770 exercitu
1261 733 1403 770 flumen

266 795 481 839 Genusum,
509 795 702 831 veteribus
731 794 808 831 suis
841 794 879 830 in
908 794 1041 830 castris
1068 801 1202 831 contra
1235 794 1404 844 Aspara·

265 857 369 905 gium
390 855 577 899 consedit,
598 854 814 904 militesque
834 868 965 891 omnes
985 855 1084 891 intra
1102 854 1240 891 vallum
1262 862 1405 891 castro-

265 930 348 954 rum
370 916 584 959 continuit;
612 916 915 965 equitatumque,
942 928 1012 965 per
1031 927 1202 952 caussam
1222 915 1405 965 pabulan-

266 978 305 1015 di
338 977 530 1022 emissum,
561 975 761 1013 confestim
782 976 995 1012 decumana
1026 983 1136 1025 porta
1165 975 1203 1011 in
1223 983 1347 1012 castra
1364 988 1405 1013 se

266 1039 440 1089 recipere
467 1037 592 1086 jussit.
649 1036 769 1074 Simili
797 1036 944 1073 ratione
978 1036 1200 1087 Pompeius,
1229 1036 1407 1075 confecto

267 1099 438 1148 ejusdem
458 1097 534 1135 diei
562 1097 712 1143 itinere,
740 1096 778 1133 in
798 1096 874 1133 suis
894 1096 1086 1133 veteribus
1105 1095 1238 1133 castris
1263 1096 1312 1133 ad
1331 1097 1407 1134 As-

267 1159 464 1209 paragium
493 1157 679 1202 consedit,
712 1159 871 1206 ejusque
895 1156 1047 1201 milites,
1076 1155 1179 1206 quod
1198 1156 1245 1193 ab
1275 1169 1406 1206 opere,

266 1219 426 1269 integris
454 1218 743 1262 munitionibus,
771 1217 971 1261 vacabant,
1004 1216 1067 1253 alii
1094 1216 1265 1266 lignandi
1289 1217 1407 1266 pabu-

265 1280 445 1330 landique
474 1291 608 1317 caussa
627 1278 776 1327 longius
795 1277 1165 1327 progrediebantur3
1199 1277 1275 1322 alii,
1305 1277 1408 1327 quod

266 1341 392 1378 subito
413 1340 612 1378 consilium
640 1337 888 1387 profectionis
908 1346 1103 1387 ceperant,
1132 1349 1271 1386 inagna
1297 1345 1406 1387 parte

268 1401 629 1452 impedimentorum
659 1406 697 1436 et
716 1398 948 1435 sarcinarum
978 1398 1125 1443 relicta,
1158 1398 1207 1434 ad
1225 1398 1321 1435 haec
1350 1412 1408 1436 re-

267 1460 435 1511 petenda
454 1459 601 1496 invitati
620 1457 905 1509 propinquitate
921 1458 1159 1507 superiorum
1181 1466 1407 1504 castrorum,

269 1519 452 1570 depositis
471 1520 508 1556 in
530 1518 782 1556 contubernio
802 1518 929 1563 armiS,
963 1518 1101 1555 vallum
1131 1519 1408 1569 relinquebant.

270 1582 419 1623 Quibus
446 1580 494 1617 ad
521 1580 758 1629 sequendum
788 1578 993 1629 impeditis,
1024 1580 1177 1624 Caesar,
1206 1580 1309 1629 quod
1326 1579 1408 1617 fore

268 1640 500 1692 providerat,
529 1639 738 1676 meridiano
758 1638 838 1675 fere
866 1646 1052 1688 tempore,
1073 1638 1182 1688 signo
1201 1638 1408 1688 profectio-

269 1702 327 1738 nis
342 1701 446 1746 dato,
466 1700 681 1737 exercitum
697 1699 840 1744 educit,
860 1698 1133 1749 duplicatoque
1152 1700 1233 1748 ejus
1252 1699 1328 1736 diei
1348 1700 1408 1738 iti—

269 1775 361 1799 nere
382 1773 443 1797 nx
457 1761 575 1798 millia
587 1773 764 1810 passuum
781 1773 831 1796 ex
846 1772 892 1796 eo
911 1759 996 1796 loco
1013 1759 1203 1809 procedit:
1233 1760 1335 1809 quod
1354 1760 1408 1797 fa-

270 1836 358 1860 cere
377 1821 582 1870 Pompeius
602 1820 770 1857 discessu
790 1819 952 1856 militum
972 1832 1048 1855 non
1069 1819 1205 1869 potuit.

319 1881 522 1919 LXXVII.
577 1881 739 1918 Postero
758 1880 833 1925 die,
854 1880 1008 1924 Caesar,
1034 1879 1207 1917 similiter
1228 1880 1408 1930 praemis-

268 1943 319 1980 sis
338 1943 459 1993 prima
473 1949 587 1979 nocte
608 1940 904 1991 impedimentis,
924 1940 972 1977 de
995 1952 1040 1977 1v
1060 1940 1188 1990 vigilia
1203 1941 1282 1990 ipse
1299 1954 1409 1991 egre-

268 2004 370 2040 ditur
386 2018 394 2046 ;
423 2010 477 2048 ut,
503 2003 535 2039 si
554 2015 629 2053 qua
646 2009 747 2039 esset
765 2001 942 2051 imposita
959 2001 1164 2038 dimicandi
1185 2003 1407 2048 necessitas,

267 2064 434 2101 subitum
455 2076 584 2101 casum
604 2062 785 2113 expedito
804 2061 979 2099 exercitu
998 2061 1154 2099 subiret.
1196 2061 1285 2099 Hoc
1304 2062 1406 2100 idem

270 2124 424 2174 reliquis
443 2123 535 2161 fecit
557 2123 702 2160 diebus.
749 2122 896 2164 Quibus
912 2123 1025 2159 rebus
1040 2122 1255 2172 perfectum
1275 2130 1346 2167 est,
1367 2127 1409 2160 ut

271 2183 460 2221 altissimis
479 2183 713 2228 fluminibus,
742 2191 856 2233 atque
876 2182 1170 2233 impeditissimis
1195 2183 1408 2230 itineribus,

268 2244 415 2282 nullum
431 2244 623 2294 acciperet
644 2244 939 2282 incommodum.
976 2243 1181 2294 Pompeius
1197 2244 1311 2289 enim,
1331 2244 1407 2294 pri·

270 2305 322 2342 mi
341 2304 416 2342 diei
435 2317 541 2342 mora
560 2304 677 2351 illata,
711 2312 750 2343 et
769 2304 1001 2356 reliquorum
1021 2304 1168 2343 dierum
1187 2304 1328 2344 frustra
1353 2304 1406 2343 la·
