1472 2664
228 288 300 323 ]ss
663 287 710 324 A.
751 284 929 323 HIRTlI

223 399 272 424 ne
291 393 543 424 mutarentur.
589 387 702 435 Nam,
722 391 866 439 majore
885 403 933 427 ex
957 389 1104 426 duobus
1123 390 1248 438 pueris
1269 398 1358 438 rege

223 447 375 492 amisso,
395 447 531 485 minori
550 449 705 487 tradidit
724 463 899 500 regnum,
919 451 1128 500 majorique
1147 463 1195 487 ex
1210 450 1357 487 duabus

222 508 321 555 filiis,
343 509 584 559 Cleopatrae,
604 522 702 560 quae
721 522 911 548 manserat
931 511 967 547 in
988 510 1061 548 fide
1082 510 1356 561 praesidiisque

224 571 318 619 ejus.
362 569 557 607 Minorem
577 570 784 616 Arsinoen,
805 572 914 620 cujus
933 571 1085 608 nomine
1101 571 1166 608 diu
1181 572 1359 621 regn-[isse

221 632 451 680 impotenter
470 631 724 682 Ganymeden
744 631 957 676 docuimus,
990 631 1181 669 deducere
1202 644 1251 668 ex
1273 645 1360 682 reg-

220 705 271 729 no
290 692 422 728 statuit
442 707 450 735 ;
481 704 529 729 ne
550 704 625 742 qua
644 705 772 729 rursus
793 704 889 729 nova
908 692 1105 737 dissensio,
1125 692 1229 743 prius
1249 706 1361 743 quain

220 753 469 790 diuturnitate
489 752 808 790 confirmarentur
828 753 928 802 regis
948 753 1121 803 imperia,
1150 766 1218 803 per
1238 753 1361 790 homi-

220 826 288 850 nes
315 813 516 851 seditiosos
536 820 772 851 nasceretur.
826 813 1000 863 Legione
1030 821 1207 850 veterana
1239 825 1280 850 vi
1303 827 1361 851 se-

220 887 307 912 cum
329 874 503 919 reducta,
536 881 684 912 ceteras
705 874 756 910 ibi
785 874 950 923 reliquit,
984 886 1059 924 quo
1087 874 1231 911 firmius
1261 883 1362 912 esset

219 948 351 972 eorum
372 948 505 985 regum
535 934 750 985 imperium,
782 935 846 985 qui
874 947 998 984 neque
1018 947 1186 972 amorem
1206 949 1360 973 suorum

218 996 365 1034 habere
384 1003 576 1047 poterant,
596 995 698 1046 quod
717 995 882 1033 fideliter
901 1003 1188 1045 permanserant
1209 997 1246 1033 in
1267 998 1365 1035 Cae-

219 1056 313 1094 saris
331 1056 512 1102 amicitia,
542 1068 667 1106 neque
696 1056 896 1092 vetustatis
915 1055 1198 1101 auctoritatem,
1228 1056 1364 1105 paucis

220 1117 354 1155 diebus
382 1130 492 1168 reges
512 1116 732 1155 constituti:
763 1117 874 1153 simul
902 1116 949 1153 ad
971 1115 1117 1166 imperii
1136 1117 1256 1153 nostri
1277 1117 1359 1166 dig-

218 1178 377 1216 nitatem
408 1179 689 1228 utilitatemque
716 1177 908 1227 publicam
941 1178 1135 1228 pertinere
1165 1178 1360 1215 existima-

218 1239 297 1284 bat,
325 1239 356 1276 si
375 1245 644 1290 permanerent
662 1238 701 1274 in
720 1238 795 1275 fide
815 1250 939 1287 reges,
959 1237 1156 1288 praesidiis
1176 1251 1241 1276 eos
1270 1251 1357 1275 nos-

219 1300 286 1337 tris
305 1312 388 1337 esse
407 1305 530 1341 tutos3
559 1305 597 1335 et
615 1298 698 1343 hos,
718 1298 748 1334 si
768 1304 895 1334 essent
914 1297 1068 1347 ingrati,
1102 1309 1213 1347 posse
1232 1297 1366 1335 iisdem

220 1360 417 1411 praesidiis
449 1359 631 1397 coerceri.
688 1358 751 1396 Sic
771 1359 884 1395 rebus
912 1358 1087 1395 omnibus
1116 1358 1304 1396 confectis
1323 1366 1363 1396 et

219 1422 430 1467 collocatis,
460 1421 540 1472 ipse
559 1420 696 1458 itinere
721 1419 891 1458 terrestri
920 1418 1114 1469 profectus
1144 1427 1203 1457 est
1221 1419 1261 1456 in
1295 1419 1366 1470 Sy-

219 1482 325 1519 riam.

268 1543 454 1580 XXXIV.
518 1543 623 1581 Dum
652 1543 747 1581 haec
776 1543 815 1580 in
848 1542 1031 1593 Aegypto
1050 1549 1251 1593 geruntur,
1291 1555 1361 1581 rex

218 1602 426 1652 Dejotarus
445 1603 494 1640 ad
514 1603 727 1640 Domitium
748 1602 962 1648 Calvinum,
983 1603 1046 1640 cui
1065 1603 1206 1640 Caesar
1227 1603 1362 1640 Asiam

216 1663 473 1715 finitimasque
493 1664 707 1715 provincias
726 1663 1042 1702 administrandas
1057 1663 1279 1710 tradiderat,
1299 1677 1363 1702 ve-

217 1725 273 1761 nit
289 1733 451 1771 oratum,
467 1739 514 1763 ne
530 1726 752 1763 Armeniam
766 1725 966 1771 minorem,
979 1737 1139 1775 regnum
1155 1737 1278 1771 suum,
1294 1739 1361 1763 ne-

221 1798 264 1823 ve
280 1786 580 1837 Cappadociam,
599 1799 758 1836 regnum
775 1786 1060 1832 Ariobarzanis,
1081 1786 1266 1836 possideri
1279 1799 1363 1824 vas-

222 1847 370 1897 tarique
401 1855 598 1898 pateretur
615 1860 639 1885 a
658 1847 879 1884 Pharnace:
913 1859 987 1897 quo
1015 1847 1115 1883 malo
1135 1846 1205 1883 nisi
1225 1846 1361 1884 libera-

217 1915 362 1954 rentur,
392 1909 578 1960 imperata
607 1921 647 1946 se
672 1908 800 1946 facere
829 1907 1109 1958 pecuniamque
1138 1907 1363 1958 promissam

217 1969 372 2007 Caesari
393 1982 470 2005 non
490 1981 600 2019 posse
619 1968 848 2019 persolvere.
885 1967 1093 2013 Domitius,
1113 1980 1189 2004 non
1209 1975 1361 2005 tantum

217 2027 266 2064 ad
296 2027 545 2078 explicandos
572 2035 717 2065 sumtus
742 2027 797 2065 rei
824 2027 996 2065 militaris
1017 2041 1132 2078 quum
1161 2027 1364 2078 pecuniam

215 2088 470 2125 necessariam
501 2102 583 2126 esse
609 2088 816 2139 judicaret,
847 2088 915 2126 sed
935 2088 1050 2126 etiam
1081 2095 1193 2138 turpe
1221 2088 1367 2139 populo

217 2148 392 2186 Romano
419 2157 458 2186 et
478 2150 633 2187 Caesari
653 2149 802 2195 victori,
835 2149 982 2200 sibique
1002 2149 1156 2195 infame,
1189 2162 1270 2187 esse
1290 2157 1365 2187 sta-

215 2216 357 2254 tueret,
386 2222 504 2259 regna
522 2210 713 2247 sociorum
739 2218 854 2261 atque
881 2210 1092 2247 amicorum
1122 2210 1170 2247 ab
1199 2216 1362 2247 externo

216 2283 308 2320 rege
328 2272 526 2321 occupari;
548 2271 708 2309 nuncios
723 2271 925 2309 confestim
941 2271 989 2310 ad
1006 2270 1232 2308 Pharnacen
1248 2270 1365 2317 misit,

218 2332 402 2370 Armenia
422 2332 746 2384 Cappadociaque
765 2331 987 2380 decederet,
1006 2344 1118 2378 neve,
1143 2330 1363 2382 occupatio—
