1472 2664
225 260 273 296 28
538 260 610 296 DE
648 259 824 297 BELLO
864 260 1030 308 ClVILI

219 360 265 396 ab
297 359 470 397 hostibus
489 368 601 411 capta
619 362 754 399 eodem
782 363 941 412 vestigio
959 363 1163 399 videretur.
1217 363 1353 400 Massi·
1379 373 1388 385 ·

217 419 356 458 lienses
372 431 498 459 tamen
517 418 635 459 nihilo
654 423 806 472 sequius
827 424 873 459 ad
892 423 1151 460 defensionem
1170 424 1274 460 urbis
1294 436 1351 460 re-

216 480 321 531 liqua
339 495 521 533 apparare
549 490 771 533 coeperunt.

267 541 378 579 VIII.
436 543 504 580 Est
529 543 829 580 animadversum
850 545 897 580 ab
916 544 1149 593 legionariis,
1177 543 1241 592 qui
1262 543 1355 580 dex-

216 608 336 639 teram
355 610 501 653 partem
533 603 657 653 operis
676 602 1002 650 administrabant,
1030 616 1079 639 cx
1101 602 1243 640 crebris
1268 603 1355 639 hos-

214 662 309 699 tium
330 664 607 713 eruptionibus,
635 676 774 713 magno
802 664 873 699 sibi
898 676 979 700 csso
1011 663 1198 713 praesidio
1229 676 1352 714 posse,

213 722 246 758 si
265 735 334 772 pro
350 723 505 760 castello
522 736 566 761 ac
586 724 830 774 receptaculo
844 724 974 760 turrim
988 737 1035 760 ex
1053 724 1170 760 latere
1185 725 1254 760 sub
1275 736 1355 759 mu·-

215 794 258 818 ro
275 781 482 819 fecissent:
512 796 623 833 quam
644 785 765 833 primo
786 784 833 820 ad
853 785 1074 832 repentinos
1093 784 1266 820 incursus
1286 783 1360 819 hu⁴

214 842 342 878 milem
364 854 591 893 parvamque
610 843 792 881 fecerant.
825 845 913 881 Huc
932 857 972 881 se
991 843 1230 880 referebant:
1250 844 1354 888 hinc,

213 901 245 938 si
264 915 339 952 qua
356 905 475 951 major
495 911 734 953 oppresserat
752 905 821 949 vis,
848 905 1168 954 propugnabant:
1198 904 1287 941 hinc
1307 903 1359 939 aci

213 963 476 1012 repellendum
496 971 534 1000 et
554 965 859 1014 prosequendum
872 965 1030 1002 'hostem
1061 965 1352 1014 procurrebant.

213 1022 376 1060 Patebat
394 1024 489 1060 haec
509 1036 662 1074 quoquo
679 1036 806 1062 versus
824 1026 938 1074 pedes
959 1037 1056 1068 xxx3
1074 1025 1141 1062 'sed
1162 1025 1354 1075 parietum

213 1083 424 1121 crassitudo
443 1085 560 1135 pedes
579 1097 619 1122 v.
673 1085 812 1122 Postea
840 1099 944 1130 vero,
982 1094 1024 1122 ut
1043 1096 1101 1123 est
1127 1099 1253 1122 rerum
1273 1098 1354 1122 om-

210 1144 316 1180 nium
346 1145 526 1194 magister
544 1158 647 1191 usus,
680 1146 876 1182 hominum
897 1146 1065 1182 adhibita
1084 1147 1263 1189 sollertia,
1297 1147 1354 1183 in·-

210 1210 366 1241 ventum
388 1211 458 1249 est,
487 1217 625 1254 magno
645 1218 727 1242 esse
760 1206 841 1242 usui
862 1219 986 1255 posse,
1019 1205 1049 1242 si
1070 1206 1164 1244 haec
1191 1216 1293 1244 esset
1314 1207 1352 1242 in

212 1264 452 1300 altitudinem
472 1265 586 1301 turris
600 1265 710 1302 elata.
738 1264 784 1301 Id
798 1265 869 1302 hac
884 1266 1030 1301 ratione
1050 1265 1261 1315 perfectum
1282 1273 1352 1302 est.

262 1323 331 1360 IX.
387 1324 462 1378 Uni
477 1325 590 1362 turris
604 1326 765 1362 altitudo
786 1325 971 1375 perducta
989 1334 1046 1362 est
1066 1325 1113 1362 ad
1129 1326 1352 1362 contabula-

208 1385 378 1427 'tion‘em3
413 1398 497 1422 cam
518 1386 556 1422 in
585 1386 750 1436 parietes
782 1385 1046 1422 instruxerunt
1067 1386 1130 1430 ita,
1165 1393 1207 1422 ut
1226 1386 1354 1436 capita

210 1446 405 1495 tignorum
418 1453 583 1483 *extenta
608 1447 794 1496 parietum
827 1454 1017 1483 structura
1034 1453 1271 1495 tegerentur,
1304 1460 1353 1484 ne

204 1505 304 1556 quid
318 1506 516 1550 emineret,
537 1507 600 1543 ubi
614 1507 711 1557 ignis
724 1507 888 1543 hostium
904 1503 1209 1544 adhaeresceret.
1239 1507 1352 1545 Hanc

205 1567 369 1616 'insuper'
378 1566 718 1616 contignationem,
739 1574 920 1617 quantum
940 1574 1084 1604 tectum
1104 1568 1223 1617 plutei
1236 1568 1352 1605 *aevi-

210 1638 369 1663 nearum
392 1639 541 1676 passum
555 1634 627 1672 est,
645 1627 832 1663 laterculo
847 1627 1141 1664 adstruxerunt:
1161 1640 1351 1678 supraque

204 1696 297 1722 ‘eum
317 1687 443 1723 locum
464 1688 539 1724 duo
558 1687 665 1737 tigna
682 1694 893 1724 transversa
913 1688 1128 1737 injecerunt
1147 1701 1221 1724 non
1236 1688 1351 1738 longe

206 1747 257 1784 'ab
277 1747 458 1784 extremis
473 1747 693 1797 parietibus,
714 1749 850 1798 quibus
865 1748 1144 1797 suspenderent
1159 1761 1242 1785 earn
1259 1761 1351 1786 con-

207 1807 474 1856 tignationem,
503 1821 600 1858 quae
632 1809 725 1845 turri
750 1809 964 1858 tegimento
985 1816 1084 1845 esset
1105 1808 1254 1845 sutura:
1287 1823 1350 1847 sn-

206 1879 352 1918 praque
368 1880 417 1904 ca
434 1869 540 1918 tigna
559 1868 706 1905 directo
725 1875 954 1905 transversas
973 1869 1098 1905 trabes
1119 1868 1347 1917 injecerunt,

208 1939 349 1978 easque
367 1929 504 1965 axibus
536 1929 803 1979 religaverunt.
858 1927 940 1965 Ha„-
965 1929 1093 1965 ·tr·abes
1115 1929 1241 1977 paullo
1268 1930 1349 1966 lon-

204 1989 335 2038 giores
353 1996 468 2039 atquc
487 1989 771 2034 eminentiores,
800 2001 911 2039 quam
927 1989 1092 2026 extremi
1120 1989 1288 2038 parietes
1301 2003 1348 2027 ·e-

204 2056 308 2093 rant,
337 2049 559 2094 effecerunt,
578 2059 620 2087 ut
639 2057 752 2096 esset,
773 2051 835 2087 ubi
856 2050 1065 2100 tegimenta
1082 2050 1346 2099 praependere

204 2117 377 2159 possent,
408 2110 456 2147 ad
475 2110 736 2147 defendendos
756 2111 853 2148 ictus
871 2123 916 2147 ac
941 2110 1199 2160 repellendos,
1227 2123 1346 2161 quum

205 2169 307 2206 inter
343 2181 426 2206 eam
464 2170 787 2219 contignationem
826 2170 992 2220 parietes
1029 2177 1318 2207 exsti-ueremur
1337 2185 1346 2207 :

200 2219 368 2281 'eamque
395 2231 744 2268 contabulationem
763 2242 945 2268 summam
975 2231 1156 2268 lateribus
1188 2231 1346 2281 l-uto'que

208 2298 514 2338 constraverunt,
547 2303 594 2329 ne
608 2291 708 2343 qnid
733 2291 830 2342 ignis
850 2291 1013 2329 hostium
1035 2303 1174 2329 nocer-e
1193 2293 1343 2342 posset:
