1472 2664
549 243 715 282 LIBER
766 243 820 281 11.
1189 245 1240 285 37

104 346 406 385 adversariorum
418 345 678 397 infregissent,
696 358 857 397 seseque
871 344 910 382 in
925 344 1142 383 libertatem
1159 345 1245 382 vin·

103 407 316 451 dicessenu
342 407 504 445 tribunis
523 407 685 444 militum
705 406 1082 455 centurionibusque,
1108 406 1174 456 qui
1193 419 1240 443 eo

108 467 287 517 praesidii
311 479 446 506 caussa
461 476 660 514 venerant,
686 468 790 518 quod
821 479 952 504 eorum
987 466 1147 503 consilia
1174 466 1244 502 sua

100 528 243 565 virtute
261 528 548 566 constrinxissent
563 542 573 564 z
599 528 797 578 pecunias,
815 539 911 577 quas
929 536 1038 564 erant
1056 527 1095 563 in
1114 526 1239 577 publi-

96 598 192 625 Acurn
214 589 376 626 Varroni
402 588 506 626 cives
535 588 697 625 Romani
727 587 902 638 polliciti,
928 586 1113 628 remittit;
1138 587 1242 623 bona

102 647 270 685 restituit
288 648 346 694 iis,
365 661 473 698 quos,
492 648 646 685 liberius
659 648 824 692 locutos,
842 647 942 684 hanc
956 659 1117 696 poenam
1137 647 1242 684 tulis—

103 719 145 746 se
170 716 427 758 cognoverat:
455 708 607 745 tributis
627 707 853 758 quibusdam
876 707 1037 757 publicis
1064 707 1238 757 privatis-

103 778 179 818 que
192 769 384 818 praemiis,
403 769 569 819 reliquos
591 769 628 804 in
647 775 839 819 posterum
854 768 954 804 bona
972 780 1039 817 spe
1057 767 1244 816 complet:

99 827 335 879 biduumque
363 828 568 866 Cordubae
598 836 852 866 commoratus
873 828 1003 871 Gades
1032 827 1240 877 proficisci·

101 896 185 926 tur:
210 889 396 939 pecunias
409 896 745 939 monumentaque,
767 901 865 939 quae
884 901 933 925 ex
950 888 1036 925 Fano
1058 888 1240 925 Herculis

101 949 241 987 collata
259 957 368 986 erant
395 950 432 986 in
452 950 636 1001 privatam
655 951 826 994 domum,
843 948 977 986 referri
997 948 1034 984 in
1053 948 1238 998 templum

96 1011 231 1060 jubet:
260 1010 480 1061 provinciae
499 1012 548 1053 Q.
563 1011 742 1048 Cassium
761 1009 958 1060 praeficit;
986 1009 1075 1045 buic
1109 1020 1154 1044 1v
1185 1009 1238 1046 le-

102 1071 235 1120 giones
261 1070 433 1107 attribuit
446 1084 458 1106 t
499 1071 580 1120 ipse
610 1069 655 1107 iis
686 1070 859 1114 navibus,
886 1081 981 1120 quas
1016 1067 1072 1104 M.
1103 1068 1239 1112 Varro,

103 1143 271 1183 quasque
300 1131 484 1168 Gaditani
510 1133 619 1180 jussu
638 1130 821 1168 Varronis
839 1130 1024 1174 fecerant,
1055 1128 1241 1165 Tarraco·

103 1205 189 1229 nem
209 1192 340 1243 paucis
361 1191 496 1228 diebus
515 1191 699 1242 pervenit.
743 1190 801 1227 Ibi
817 1189 933 1247 totius
954 1190 1031 1226 fere
1051 1189 1238 1226 citerioris

98 1253 320 1302 provinciae
349 1252 561 1301 legationes
592 1250 769 1289 Caesaris
800 1250 1006 1287 adventum
1038 1257 1239 1299 exspecta-

99 1314 206 1350 bant„
252 1312 396 1349 Eadem
409 1312 563 1349 ‘ratione
580 1311 757 1362 privatim
773 1323 818 1348 ac
838 1310 991 1361 publice
1011 1310 1237 1360 quibusdam

101 1372 316 1411 civitatibus
334 1371 473 1409 habitis
492 1372 715 1417 honoribus,
735 1370 955 1408 Tarracone
973 1370 1152 1415 discedit,
1172 1383 1238 1420 pe-

99 1433 287 1483 dibusque
310 1432 545 1478 Narbonem,
565 1439 681 1482 atque
699 1431 788 1468 inde
809 1429 1032 1473 Massiliam,
1054 1430 1239 1479 pervenit.

97 1492 156 1529 lbi
172 1493 298 1543 legem
312 1493 361 1530 de
376 1492 567 1530 dictatore
586 1493 715 1537 latam,
735 1503 895 1541 seseque
909 1489 1136 1526 dictatorem
1156 1489 1235 1527 dic·

101 1561 181 1590 tum
200 1565 223 1590 a
243 1552 301 1589 M.
319 1552 470 1603 Lepido
489 1559 681 1602 praetore,
711 1550 924 1601 cognoscit.

153 1612 284 1650 XXII.
338 1613 610 1658 Massilienses,
652 1612 827 1650 omnibus
855 1610 995 1647 defessi
1028 1610 1148 1656 malis,
1188 1613 1241 1649 rei

100 1674 373 1712 frumentariae
392 1673 440 1710 ad
459 1686 643 1710 summam
671 1672 836 1722 inopiam
856 1671 1026 1716 adducti,
1052 1671 1111 1709 bis
1128 1684 1240 1722 proc·v

101 1735 154 1772 lio
171 1735 295 1772 navali
315 1734 496 1784 superati,
517 1734 659 1771 crebris
677 1731 942 1783 eruptionibus
961 1732 1048 1777 fusi,
1076 1733 1182 1782 gravi
1198 1745 1239 1770 e-

101 1795 193 1832 tiam
211 1795 431 1844 pestilentia
456 1794 669 1832 conflictati
688 1806 738 1831 ex
757 1793 905 1830 diutina
934 1792 1180 1830 conclusione
1201 1800 1242 1831 et

99 1854 312 1892 mutatione
330 1855 467 1899 vietus,
491 1854 650 1905 (panico
669 1853 771 1891 enim
789 1860 934 1898 vetere,
959 1861 1074 1903 atque
1093 1852 1238 1891 hordeo

99 1923 296 1965 corrupto,
316 1927 448 1952 omnes
465 1915 678 1960 alebantur,
696 1914 814 1965 quod,
832 1915 883 1952 ad
897 1914 1113 1964 hujusmodi
1127 1925 1238 1953 casus

97 1976 306 2026 antiquitus
323 1983 513 2026 paratum,
534 1976 572 2012 in
591 1975 788 2026 publicum
801 1975 1068 2026 contulerant)
1085 1976 1237 2026 dejecta

97 2036 206 2081 turri,
233 2035 422 2081 labefacta
441 2048 580 2086 magna
598 2043 707 2086 parte
725 2036 836 2080 muri,
855 2034 1006 2072 auxiliis
1024 2035 1238 2084 provincia-

96 2109 181 2133 rum
195 2103 236 2134 et
252 2096 493 2134 exercituum
509 2096 733 2147 desperatis,
753 2109 848 2146 quos
863 2095 900 2132 in
918 2095 1090 2132 Caesaris
1110 2105 1234 2146 pooes-

99 2163 219 2193 tatem
245 2157 392 2194 venisse
420 2164 694 2206 cognoverant,
726 2169 810 2193 sese
837 2157 979 2194 dedere
998 2156 1079 2193 sine
1105 2156 1239 2195 fraude

102 2215 353 2253 constituunt.
411 2216 485 2253 Sed
519 2217 649 2267 paucis
678 2224 768 2254 ante
786 2216 921 2254 diebus
954 2216 1000 2253 L.
1034 2216 1237 2263 Domitius,

102 2276 258 2326 cognita
281 2276 576 2314 Massiliensium
595 2277 808 2323 voluntate,
834 2277 992 2315 navibus
1014 2289 1062 2314 ul
1086 2291 1237 2328 compa-
