1472 2664
300 300 376 339 DE
404 299 581 337 BELLo
609 300 785 339 Arme.
812 300 988 337 LIBER.
1141 287 1217 341 2'13

83 410 198 454 capto
218 403 262 441 C.
282 403 409 441 Mutio
425 403 590 454 Regino,
606 404 732 454 equite
750 404 938 449 Romano,
960 402 1148 454 Scipionis
1163 404 1217 440 fa-

82 464 346 510 miliarissimo,
375 464 439 514 qui
463 464 499 501 ei
531 464 671 515 oppido
689 473 876 514 praeerat,
898 472 937 501 et
958 464 998 500 P.
1022 465 1145 510 Atrio,
1178 477 1218 501 e-

83 525 188 575 quite
209 525 382 562 Romano
401 525 448 562 de
479 533 671 563 conventu
697 525 883 570 Uticensi,
903 534 941 562 et
957 525 1108 562 camelis
1124 539 1214 563 xxn

83 585 184 635 regis
197 585 384 630 adductis,
404 585 592 635 praesidio
612 584 662 622 ibi
679 598 764 622 cum
780 584 905 635 Oppio
921 585 1047 634 legato
1068 585 1216 631 relicto,

84 645 166 695 ipse
185 658 224 682 se
245 645 415 695 recipere
435 645 562 695 coepit
577 645 624 682 ad
643 652 779 682 castra.

131 705 276 742 LXIX.
329 707 454 748 Quum
470 707 548 755 jam
576 719 652 743 non
681 706 794 756 longe
813 718 836 742 a
864 706 997 744 castris
1028 706 1216 757 Scipionis

81 767 245 812 abesset,
275 779 371 816 quae
408 779 494 803 eum
522 780 678 804 necesse
707 774 789 806 erat
817 768 1103 817 praetergredi3
1141 767 1215 804 La-

80 827 214 864 bienus
235 827 507 877 Afraniusque,
535 840 622 864 cum
642 827 743 865 omni
775 827 948 877 equitatu
975 828 1124 877 levique
1156 840 1214 864 ar-

80 895 229 925 matura
247 901 296 924 ex
315 888 458 925 insidiis
478 888 615 933 adorti,
648 887 788 937 agmini
809 889 890 937 ejus
910 896 1081 926 extremo
1101 902 1140 925 se
1160 888 1216 925 os-

79 948 221 993 ferunt,
239 957 352 998 atque
367 961 415 985 ex
431 948 590 986 collibus
606 948 735 998 primis
749 948 949 985 exsistunt..
983 950 1098 990 Quod
1113 957 1215 1000 post·

79 1023 193 1059 quam
215 1010 354 1047 Caesar
373 1009 653 1054 animadvertit,
681 1008 871 1059 equitibus
891 1009 966 1046 suis
997 1009 1162 1047 hostium
1183 1010 1219 1046 vi

79 1070 277 1120 oppositis,
304 1070 471 1107 sarcinas
489 1069 716 1119 legionarios
736 1069 773 1105 in
793 1082 969 1106 acervum
985 1071 1095 1119 jubet
1115 1083 1219 1107 com-

79 1139 248 1181 portare,
268 1139 381 1181 atque
401 1130 578 1167 celeriter
596 1130 704 1180 signa
717 1130 888 1166 hostibus
907 1130 1058 1168 inferre.
1104 1131 1219 1172 Quod

81 1198 281 1241 postquam
311 1197 490 1240 coeptum
509 1197 566 1226 est
585 1189 680 1233 fieri,
712 1189 833 1239 primo
853 1189 996 1238 inipetu
1025 1188 1217 1238 legionum

78 1252 269 1302 equitatus
289 1259 327 1288 et
348 1251 438 1288 levis
457 1258 646 1288 armatura
662 1250 824 1287 hostium
842 1249 945 1286 nullo
958 1250 1116 1299 negotio
1131 1249 1217 1287 loco

76 1313 198 1362 pulsa,
217 1321 256 1349 et
275 1313 427 1361 dejecta
444 1319 502 1349 est
518 1311 566 1348 de
582 1311 691 1348 colle.
745 1312 871 1352 Quum
888 1312 965 1360 jam
987 1311 1127 1348 Caesar
1148 1324 1216 1348 ex·

76 1373 293 1418 istimasset,
312 1373 454 1417 hostes,
482 1372 608 1422 pulsos
629 1372 920 1421 deterritosque,
950 1372 1063 1408 finem
1092 1371 1214 1409 laces-

76 1431 186 1469 sendi
199 1432 381 1477 facturos,
401 1438 439 1468 et
455 1431 527 1468 iter
542 1439 718 1481 coeptum
736 1443 897 1481 pergere
914 1431 1101 1481 coepisset
1119 1447 1128 1474 ;
1149 1431 1217 1468 ite-

78 1505 164 1530 rum
198 1492 376 1529 celeriter
395 1504 444 1528 ex
463 1492 646 1542 proximis
675 1491 837 1528 collibus
856 1499 1073 1541 erumpunt,
1102 1499 1217 1542 atque

80 1553 216 1591 eadem
236 1553 396 1598 ratione,
416 1565 491 1603 qua
517 1559 606 1589 ante
625 1552 719 1596 dixi,
739 1552 775 1588 in
797 1551 969 1589 Caesaris
988 1551 1217 1601 legionarios

75 1614 259 1664 impetum
274 1613 420 1650 faciunt
435 1612 639 1658 Numidae,
659 1613 827 1662 levisque
846 1620 1075 1658 armaturae,
1104 1612 1216 1649 mira-

74 1675 143 1713 bili
161 1674 364 1712 velocitate
398 1673 575 1724 praediti,
613 1673 676 1723 qui
698 1673 795 1710 inter
815 1673 961 1723 equites
981 1674 1216 1723 pugnabant,

75 1742 116 1773 et
135 1748 211 1772 una
228 1735 449 1785 pariterque
469 1747 555 1771 cum
577 1733 768 1784 equitibus
787 1745 987 1770 accurrere
1007 1741 1046 1771 et
1066 1734 1217 1784 refuge-

75 1809 118 1833 re
139 1802 428 1834 consueverant.
478 1796 606 1837 Quum
624 1794 698 1831 hoc
718 1794 867 1844 saepius
886 1793 1070 1839 facerent,
1090 1802 1129 1831 et
1146 1795 1171 1831 J
1177 1809 1216 1832 u-

75 1857 196 1893 lianos
238 1855 526 1906 proficiscentes
558 1855 861 1905 insequerentur,
906 1862 945 1892 et
981 1855 1215 1905 refugerent,

77 1924 220 1954 stantes
240 1916 395 1966 propius
427 1929 502 1953 non
531 1916 774 1959 accederent,
809 1923 848 1952 et
877 1916 1056 1965 singulari
1075 1929 1216 1965 genere

76 1988 230 2028 pugnae
250 1982 462 2021 uterentur,
491 1988 633 2025 eosque
653 1975 790 2025 jaculis
818 1976 1093 2013 convulnerare
1124 1977 1214 2013 satis

76 2049 161 2074 esse
181 2036 468 2077 existimarent:
498 2036 638 2073 Caesar
666 2036 867 2081 intellexit,
905 2036 996 2072 nihil
1029 2035 1131 2073 aliud
1151 2050 1216 2073 eos

79 2097 224 2141 conari,
252 2095 322 2132 nisi
343 2102 384 2131 ut
404 2108 443 2132 se
463 2103 645 2145 cogerent
666 2105 789 2132 castra
821 2096 857 2132 in
879 2109 924 2133 eo
943 2096 1028 2133 loco
1058 2109 1215 2146 ponere,

78 2157 143 2194 ubi
163 2157 317 2194 omnino
336 2168 456 2206 aquae
476 2155 568 2192 nihil
588 2163 708 2199 esset;
738 2164 777 2193 ut
809 2157 1000 2193 exercitus
1021 2158 1101 2206 ejus
1115 2159 1216 2206 jeju-

76 2230 161 2262 nus,
191 2217 254 2267 qui
273 2229 295 2253 a
313 2225 448 2267 quarta
465 2216 592 2266 vigilia
612 2230 730 2267 usque
757 2217 805 2254 ad
830 2217 959 2254 horam
980 2231 1004 2253 x
1025 2217 1099 2254 diei
1121 2217 1214 2254 nihil

75 2278 280 2328 gustasset,
307 2290 352 2314 ac
366 2279 542 2327 jumenta
560 2277 621 2314 siti
651 2278 835 2327 perirent.

124 2337 246 2375 LXX.
300 2339 426 2380 Quum
443 2341 521 2388 jam
541 2337 588 2376 ad
614 2337 701 2375 solis
721 2351 900 2376 occasum
919 2346 1034 2383 esset,
1066 2346 1104 2377 et
1136 2351 1212 2376 non
