1472 2664
533 236 698 274 LIBER
750 236 791 274 11
793 264 803 273 .
1193 239 1242 274 35

104 339 244 391 coegit.
295 339 400 381 Quas
419 337 573 377 Caesari
603 352 687 378 esse
713 340 854 377 amicas
873 337 1046 376 civitates
1078 337 1237 376 arbitra-

102 401 228 446 batur,
247 400 290 438 iis
308 400 481 450 graviora
499 412 616 438 onera
634 400 874 450 injungebat,
903 398 1167 449 praesidiaque
1193 411 1239 436 eo

101 460 318 498 deducebat
330 448 396 504 3’et
409 460 556 510 judicia
572 460 609 497 in
624 460 789 512 privatos
808 457 1017 496 reddebat:
1039 459 1103 508 qui
1124 459 1241 496 verba

102 528 218 571 atque
248 519 458 558 orationem
489 520 669 558 adversus
702 519 974 570 rempublicam
1003 519 1237 564 habuissent,

103 593 236 620 eorum
261 581 362 618 bona
379 581 417 618 in
436 581 631 631 publicum
650 581 877 619 addicebat:
903 581 1139 631 provinciam
1159 593 1238 618 om-

103 655 191 682 nem
210 643 249 680 in
266 655 334 680 sua
351 650 392 680 et
419 642 592 693 Pompeii
611 642 728 680 verba
751 640 1019 691 jusjurandum
1048 641 1242 692 adigebat.

104 702 280 754 Cognitis
298 703 342 740 iis
360 703 487 748 rebus,
514 715 612 753 quae
631 710 720 740 sunt
737 710 870 752 gestae
888 701 926 738 in
946 701 1124 738 citeriore
1145 702 1236 739 His-

102 763 231 814 pania,
251 763 393 801 bellum
412 764 582 814 parabat.
637 763 751 801 Ratio
769 770 897 800 autem
917 763 1012 800 haec
1032 771 1114 802 erat
1131 764 1234 808 belli,

99 830 144 862 ut
162 837 204 862 se
216 837 310 862 cum
331 835 363 861 11
382 824 596 874 legionibus
623 822 753 861 Gades
772 822 989 866 conferret;
1016 836 1130 860 naves
1159 823 1242 861 stu·-

100 891 351 934 mentumque
380 896 492 921 omne
519 884 572 921 ibi
604 884 840 921 contineret:
875 884 1108 934 provinciam
1135 884 1238 921 enim

100 958 252 982 omnem
272 946 446 984 Caesaris
465 945 578 982 rebus
597 944 722 982 favere
741 952 986 997 cognoverat.
1039 943 1084 980 In
1106 943 1242 988 insula,-

97 1005 292 1043 frumento
324 1006 558 1056 navibusque
591 1004 832 1055 comparatis,
865 1004 1007 1041 bellum
1041 1004 1129 1042 duci
1161 1018 1241 1042 non

99 1065 251 1104 difficile
273 1066 527 1103 existimabat.
581 1065 736 1110 Caesar,
763 1064 833 1102 etsi
853 1064 980 1101 multis
999 1065 1241 1102 necessariis-

97 1138 175 1177 que
194 1127 309 1164 rebus
327 1127 366 1163 in
384 1126 533 1163 Italiam
552 1125 818 1170 revocabatur,
838 1132 965 1162 tamen
987 1126 1241 1164 constituerat

98 1186 241 1224 nullam
273 1193 422 1237 partem
450 1186 539 1223 belli
568 1186 606 1222 in
638 1185 834 1235 Hispaniis
862 1185 1078 1235 relinquere
1095 1202 1104 1229 ;
1137 1186 1242 1237 quod

94 1259 238 1298 magna
256 1259 339 1284 esse
360 1245 532 1296 Pompeii
550 1245 754 1290 beneficia,
782 1253 822 1282 et
850 1257 1007 1295 magnas
1026 1246 1239 1292 clientelas,

98 1307 137 1344 in
157 1307 337 1346 citeriore
355 1305 551 1358 provincia
569 1306 728 1344 sciebat.

143 1367 253 1405 XIX.
305 1367 462 1418 Itaque,
474 1367 621 1404 duabus
641 1367 856 1417 legionibus
875 1368 997 1406 missis
1016 1368 1054 1406 in
1074 1369 1235 1407 ulterio-

91 1440 172 1466 rem
191 1427 417 1478 Hispaniam
437 1440 525 1465 cum
554 1428 601 1469 Q.
623 1427 771 1474 Cassio,
798 1427 953 1466 tribuno
981 1429 1120 1479 plebis,
1149 1430 1232 1480 ipse

94 1501 183 1526 cum
198 1499 251 1525 nc
266 1488 458 1539 equitibus
473 1487 619 1538 magnis
638 1488 836 1526 itineribus
851 1490 1110 1540 progreditur,
1130 1491 1235 1528 edic-

90 1556 248 1599 tumque
269 1546 493 1598 praemittit,
512 1547 562 1584 ad
576 1559 689 1598 quam
708 1547 808 1585 diem
826 1549 1069 1599 magistratus
1089 1549 1234 1600 princi-

90 1620 237 1659 pesque
256 1608 426 1646 omnium
445 1607 643 1645 civitatum
662 1607 732 1645 sibi
751 1619 835 1645 esse
854 1616 1008 1658 praesto
1029 1609 1245 1647 Cordubae-

93 1668 222 1706 vellet.
275 1669 363 1710 Quo
382 1668 512 1706 edicto
532 1675 614 1706 tota
632 1668 830 1718 provincIa
859 1670 1102 1720 pervulgato,
1136 1671 1240 1708 nulla

95 1727 168 1766 suit
185 1727 334 1776 civitas,
353 1729 445 1780 quin
459 1728 509 1766 ad
522 1728 561 1766 id
580 1736 732 1779 tempus
747 1736 894 1780 partem
912 1738 1068 1768 senatus
1088 1730 1239 1768 Cordu-

94 1790 183 1826 bam
201 1789 393 1834 mitteret;
420 1789 594 1827 nullusve
613 1789 707 1828 civis
727 1789 924 1828 Romanus
943 1791 1071 1841 paullo
1096 1792 1237 1836 notior,

93 1850 186 1901 quin
203 1850 253 1888 ad
271 1850 372 1888 diem
392 1850 628 1888 conveniret.
672 1851 791 1888 Simul
811 1851 891 1901 ipse
912 1851 1117 1889 Cordubae
1145 1865 1237 1890 con-

90 1918 227 1949 ventus
246 1923 315 1962 per
333 1923 374 1949 se
393 1918 524 1962 portas
554 1911 716 1948 Varroni
744 1911 894 1957 clausit,
923 1912 1116 1951 custodias
1142 1914 1236 1963 vigi-

90 1969 239 2022 liasque
258 1971 296 2008 in
315 1971 483 2009 turribus
501 1984 688 2023 muroque
721 1971 921 2022 disposuit.
976 1973 1166 2011 Coliortes
1187 1985 1235 2019 11,

89 2044 188 2082 quae
220 2031 421 2070 colonicae
453 2032 759 2082 appellabantur,
786 2045 904 2083 quum
923 2045 970 2070 eo
989 2046 1081 2071 casu
1110 2035 1236 2073 venis·

91 2098 193 2137 sent,
221 2091 355 2130 tuendi
381 2092 513 2143 oppidi
531 2105 668 2130 caussa
684 2093 788 2143 apud
806 2105 848 2130 se
867 2094 1038 2131 retinuit.
1092 2094 1235 2132 Iisdem

89 2153 226 2191 diebus
245 2153 538 2198 Carmonenses,
558 2165 656 2204 quae
670 2160 728 2190 est
748 2153 863 2204 longe
884 2154 1099 2192 firmissima
1117 2156 1234 2194 totius

88 2213 310 2264 provinciae
336 2212 484 2259 civitas,
511 2213 690 2252 deductis
718 2225 772 2251 111
802 2215 840 2251 in
859 2227 987 2252 arcein
1019 2215 1149 2266 oppidi
1169 2229 1235 2254 co·

90 2274 265 2312 hortibus
283 2286 307 2312 a
325 2274 498 2312 Varrone
516 2273 724 2324 praesidio,
755 2286 826 2326 per
844 2287 885 2313 se
905 2275 1084 2314 cohortes
1103 2277 1232 2329 ejecit,

96 2342 302 2386 portasque
329 2334 546 2386 praeclusit.
