1472 2664
483 277 647 316 LIBER
681 279 772 316 ·111.
1155 282 1200 319 81

65 387 123 418 rat
142 379 253 418 facile
271 380 409 418 nostris
428 394 504 418 uno
523 389 697 432 tempore
716 394 959 433 propugnare
979 389 1018 419 et
1037 383 1198 420 munire.

65 442 219 486 Caesar,
247 454 361 491 quum
382 455 469 479 suos
489 455 538 479 ex
558 442 732 480 omnibus
750 443 921 492 partibus
940 442 1130 480 vulnerari
1150 444 1202 480 vi-

64 502 186 546 deret,
214 502 387 551 recipere
407 515 447 539 se
461 503 586 552 jussit,
607 511 645 540 et
664 503 750 540 loco
769 504 973 541 excedere.
1019 503 1112 540 Erat
1132 517 1200 553 per

63 561 210 599 declive
232 570 433 612 receptus:
456 563 508 599 illi
529 571 658 601 autem
678 564 751 601 hoc
770 564 896 601 acrius
912 564 1115 608 instabant,
1136 577 1202 601 ne·

65 634 138 672 que
153 622 304 671 regredi
320 631 469 661 nostros
488 624 744 674 patiebantur,
765 624 867 674 quod
887 625 1022 662 timore
1042 623 1200 661 adducti

63 683 189 720 locum
222 683 437 734 relinquere
466 685 707 722 videbantur.
761 685 916 723 Dicitur
948 698 994 722 eo
1027 693 1200 736 ternpore

62 743 230 793 glorians
259 745 361 793 apud
379 758 467 782 suos
498 745 702 796 Pompeius
732 746 887 791 dixisse,
920 759 998 783 non
1024 759 1200 784 recusare

59 816 116 849 se,
146 804 236 854 quin
256 805 394 842 nullius
415 819 502 843 usus
522 807 727 856 imperator
746 807 1043 853 existimaretur,
1069 807 1099 844 si
1118 807 1200 844 sine

62 866 230 902 maximo
245 865 476 903 detrimento
488 867 662 918 legiones
678 868 852 905 Caesaris
863 880 946 905 sese
964 868 1199 918 recepissent
1226 914 1229 915 ⁷

62 926 164 971 inde,
185 939 260 976 quo
280 934 424 964 temere
443 935 571 965 essent
589 940 824 978 progressae.

111 986 254 1024 XLVI.
312 987 468 1033 Caesar,
504 988 677 1038 receptui
706 1001 860 1026 suorum
891 988 1042 1035 timens,
1075 996 1198 1027 crates

60 1047 108 1084 ad
127 1053 343 1084 extremum
359 1047 545 1085 tumulum
567 1056 699 1086 contra
716 1049 863 1086 hostem
884 1048 1058 1098 proferri,
1079 1057 1117 1087 et
1132 1050 1197 1087 ad-

62 1120 191 1144 versas
219 1107 362 1149 locari;
389 1107 489 1144 intra
516 1107 583 1144 has
602 1109 786 1146 mediocri
813 1109 1015 1146 latitudine
1044 1110 1197 1155 fossam,

60 1167 175 1204 tectis
205 1166 399 1211 militibus,
441 1167 583 1204 obduci
606 1168 732 1217 jussit,
760 1169 966 1219 locumque
999 1170 1035 1206 in
1063 1183 1195 1207 omnes

56 1237 185 1277 partes
204 1239 317 1276 quam
337 1226 502 1264 maxime
522 1227 715 1277 impediri:
744 1227 823 1277 ipse
840 1228 986 1265 idoneis
1002 1228 1095 1266 locis
1108 1229 1197 1266 fun-

51 1287 196 1325 ditores
215 1287 408 1332 instruxit,
429 1294 470 1324 ut
489 1287 678 1336 praesidio
698 1287 837 1324 nostris
856 1299 896 1323 se
913 1288 1188 1338 recipientibus

56 1355 197 1386 essent.
250 1347 324 1385 His
353 1348 466 1385 rebus
486 1347 701 1398 completiS,
733 1347 904 1397 legiones
924 1348 1056 1386 reduci
1071 1349 1196 1398 jussit.

56 1407 282 1458 Pompeiani
297 1408 372 1445 hoc
386 1407 612 1445 insolentius
624 1415 740 1458 atque
753 1408 934 1445 audacius
949 1416 1097 1446 nostros
1112 1422 1198 1460 pre·

58 1481 162 1507 mere
181 1477 221 1506 et
240 1469 382 1506 instare
401 1476 630 1518 coeperunt;
664 1476 878 1518 cratesque,
897 1481 966 1519 pro
983 1470 1198 1508 munitione

55 1530 241 1579 objectas,
257 1529 522 1580 propulerunt,
538 1537 580 1566 ut
594 1529 714 1566 fossas
727 1530 1055 1567 transcenderent.
1083 1531 1198 1572 Quod

55 1604 171 1640 quum
190 1590 520 1628 animadvertisset
540 1590 694 1634 Caesar,
715 1589 871 1634 veritus,
892 1602 939 1627 ne
956 1603 1032 1627 non
1047 1591 1198 1629 reducti

56 1651 124 1688 sed
143 1651 276 1700 rejecti
296 1650 531 1696 viderentur,
564 1652 760 1700 majusque
789 1649 1061 1688 detrimentum
1083 1663 1196 1702 cape-

53 1718 171 1757 retur,
191 1725 213 1748 a
230 1711 356 1749 medio
375 1711 456 1748 fere
475 1711 598 1760 spatio
618 1724 708 1748 suos
727 1724 796 1761 per
816 1710 1045 1756 Antonium,
1074 1712 1138 1762 qui
1159 1713 1195 1751 ei

54 1772 196 1823 legioni
215 1779 404 1824 praeerat,
432 1772 669 1817 cohortatus,
699 1772 791 1809 tuba
809 1771 958 1820 signum
980 1772 1060 1809 dari
1080 1780 1196 1823 atque

55 1833 95 1871 in
122 1833 251 1871 hostes
277 1833 461 1884 impetum
488 1833 569 1870 fieri
594 1833 720 1882 jussit.
774 1831 921 1869 Milites
948 1832 1110 1882 legionis
1139 1845 1196 1878 lx,

56 1893 183 1931 subito
212 1890 434 1944 conspirati,
463 1893 538 1944 pila
557 1895 822 1942 conjecerunt,
853 1900 905 1939 et,
933 1906 983 1931 ex
1015 1893 1195 1931 inferiore

55 1953 142 1992 loco
160 1954 340 1991 adversus
359 1954 499 1992 clivum
520 1953 666 1992 incitati
686 1965 814 1998 cursu,
833 1952 1063 2003 praecipites
1083 1952 1197 1991 Pom-

54 2015 212 2066 peianos
230 2021 408 2064 egerunt,
437 2021 475 2052 et
494 2021 605 2064 terga
621 2021 772 2051 vertere
792 2015 1029 2063 coegerunt:
1059 2013 1194 2063 quibus

54 2075 103 2114 ad
122 2075 384 2126 recipiendum
414 2082 538 2112 crates
559 2074 743 2119 directae,
771 2074 1011 2124 longuriique
1038 2075 1195 2123 objecti,

56 2142 96 2173 et
131 2135 328 2172 institutae
363 2134 502 2179 fossae,
538 2147 678 2185 magno
714 2134 991 2185 impedimento
1027 2134 1195 2173 fuerunt.

53 2195 186 2232 Nostri
203 2207 308 2240 vero,
341 2195 405 2245 qui
424 2194 514 2232 satis
541 2195 735 2234 habebant
754 2195 836 2232 sine
866 2195 1099 2232 detrimento
1118 2195 1194 2232 dis-

54 2255 208 2300 cedere,
234 2256 493 2306 compluribus
513 2255 740 2301 interfectis,
762 2268 787 2292 v
807 2256 962 2293 omnino
981 2268 1136 2293 suorum
1154 2267 1194 2292 a·

53 2315 191 2362 missis,
210 2316 443 2367 quietissime
456 2328 497 2355 se
509 2323 754 2367 receperunt,
773 2316 978 2369 paulloque
995 2316 1090 2354 citra
1105 2327 1192 2355 eum

134 2377 244 2415 ΤοΜ.
272 2376 324 2414 ΙΙ.
642 2376 676 2414 L
1126 2384 1133 2393 ‘
