1472 2664
276 287 350 324 DE
379 287 556 326 BELLO
584 287 760 328 AFRIC.
786 289 962 328 LIBER.
1118 294 1194 330 223

57 388 226 438 legiones
255 390 450 441 consequi,
476 389 716 441 spatiumque
744 404 784 429 se
804 404 880 429 non
899 391 991 430 dare
1010 392 1191 443 colligen-

57 449 108 486 di.
161 450 235 492 Qui
253 456 452 501 postquam
472 450 520 488 ad
538 463 584 489 ea
602 458 738 497 castra,
769 465 866 502 quae
885 452 1079 502 petebant,
1108 467 1194 503 per-

56 509 251 559 fugerunt,
280 517 322 550 ut
339 510 494 549 refectis
513 511 646 550 castris
672 525 802 550 rursus
819 524 902 549 sese
928 511 1194 560 defenderent,

58 570 195 607 ducem
225 570 387 620 aliquem
415 571 627 621 requirunt,
661 585 772 622 quem
803 571 1052 622 respicerent,
1084 574 1194 622 cujus

57 631 285 669 auctoritate
305 632 538 682 imperioque
569 643 649 670 rem
674 639 875 681 gererent:
907 631 972 682 qui
991 640 1192 683 postquam

58 691 419 736 animadverterunt,
450 690 641 729 neminem
667 691 717 729 ibi
736 703 818 729 esse
836 691 1039 741 praesidio,
1070 693 1190 743 proti-

56 764 141 796 nuS,
159 751 270 789 armis
285 751 458 801 abjectis,
476 751 514 788 in
528 750 634 800 regia
644 757 769 789 castra
785 750 920 801 fugere
940 751 1192 790 contendunt.

57 812 144 853 Quo
162 818 364 862 postquam
377 818 647 861 pervenerunt,
666 823 712 849 ea
729 824 881 861 quoque
897 811 944 849 ab
959 810 984 849 J
989 811 1122 849 ulianis
1138 819 1194 850 te-

57 871 138 908 neri
155 871 299 909 vident.
344 872 560 921 Desperata
576 871 712 916 salute,
745 871 782 909 in
798 871 961 921 quodam
982 870 1080 909 colle
1101 884 1192 910 con-

56 931 219 975 sistunt;
245 939 359 982 atque
379 932 492 970 armis
518 931 689 970 demissis
707 931 973 971 salutationem
992 943 1097 970 more
1122 931 1192 969 mi-

55 992 154 1032 litari
181 992 339 1031 faciunt.
394 992 541 1033 Quibus
558 991 705 1031 miseris
724 1004 770 1030 ea
787 1004 847 1029 res
866 1003 982 1041 parvo
1001 991 1192 1041 praesidio

54 1051 151 1093 fuit:
184 1064 347 1102 namque
368 1052 507 1090 milites
533 1051 718 1097 veterani,
749 1051 804 1088 ira
823 1058 862 1088 et
880 1050 1012 1088 dolore
1032 1051 1194 1097 incensi,

56 1124 133 1150 non
157 1112 285 1158 modo,
305 1119 347 1150 ut
364 1118 564 1162 parcerent
591 1110 707 1155 hosti,
733 1123 810 1148 non
834 1117 1011 1161 poterant
1037 1111 1190 1158 adduci,

56 1172 124 1209 sed
143 1172 256 1210 etiam
273 1185 322 1209 ex
337 1184 404 1210 suo
420 1171 593 1210 exercitu
605 1171 770 1208 illustres
788 1171 969 1216 urbanos,
988 1184 1082 1222 quos
1101 1185 1192 1210 auc-

56 1239 158 1269 tores
176 1232 432 1283 appellabant,
452 1231 667 1282 complures
685 1238 750 1269 aut
768 1231 1029 1277 vulnerarunt,
1048 1239 1114 1270 aut
1133 1233 1190 1270 in-

55 1291 306 1337 terfecerunt.;
324 1292 363 1330 in
383 1305 458 1343 quo
473 1305 630 1330 numero
645 1291 716 1329 fuit
732 1291 879 1329 Tullius
900 1290 1037 1337 Rufus,
1057 1305 1190 1342 quaes·

55 1352 187 1397 torius,
207 1352 285 1403 qui,
304 1352 381 1403 pilo
398 1354 625 1402 transjectus
641 1352 817 1390 consulto
832 1364 855 1389 a
867 1351 1000 1396 milite,
1022 1351 1165 1391 interiit
1180 1368 1190 1391 z

55 1412 146 1452 item
161 1413 365 1464 Pompeius
387 1412 522 1458 Rufus,
542 1412 739 1450 brachium
759 1412 885 1463 gladio
901 1425 1116 1463 percussus,
1134 1414 1193 1451 ni-‘

54 1474 84 1511 si
103 1473 281 1513 celeriter
298 1473 346 1511 ad
365 1473 566 1511 Caesarem
581 1474 871 1518 accucurrisset,
892 1473 1113 1512 interfectus
1132 1487 1190 1512 es-

55 1541 124 1573 set.
176 1536 264 1577 Quo
282 1534 384 1572 facto
400 1534 616 1584 complures
635 1533 782 1584 equites
798 1533 960 1571 Romani
979 1542 1192 1573 senatores-

54 1607 129 1645 que
148 1594 341 1645 perterriti
367 1607 417 1632 ex
436 1593 582 1645 proelio
600 1607 640 1632 se
667 1601 919 1644 receperunt3
946 1606 994 1631 ne
1014 1607 1036 1631 a
1063 1595 1191 1633 militi-

53 1655 138 1700 bus,
167 1654 231 1704 qui
250 1667 299 1691 ex
318 1661 425 1692 tanta
442 1654 602 1692 victoria
618 1654 813 1693 licentiam
832 1655 901 1691 sibi
928 1654 1191 1692 assumsissent

55 1715 303 1753 immoderate
335 1715 535 1765 peccandi,
565 1714 800 1765 impunitatis
827 1722 983 1765 propter
1006 1715 1192 1753 maximas

54 1787 115 1813 res
133 1783 259 1826 gestas
278 1788 359 1826 spe,
378 1775 449 1825 ipsi
469 1788 620 1826 quoque
640 1774 958 1813 interficerentur.
1011 1775 1145 1826 Itaque
1165 1777 1190 1813 ii

55 1848 188 1875 omnes
209 1835 397 1886 Scipionis
415 1835 566 1880 milites,
597 1847 711 1885 quum
731 1834 846 1871 fidem
866 1833 1040 1872 Caesaris
1058 1835 1191 1885 implo-

54 1905 196 1942 rarent,
215 1896 452 1946 inspectante
469 1895 548 1946 ipso
569 1896 745 1940 Caesare,
765 1901 804 1932 et
818 1907 841 1931 a
854 1894 1037 1932 militibus
1055 1894 1190 1946 depre-

54 1964 182 2002 cante,
200 1957 254 1994 eis
273 1956 327 1994 uti
346 1963 561 2006 parcerent,
588 1955 637 1993 ad
657 1968 772 1992 unum
792 1961 879 1992 sunt
899 1954 1102 1992 interfecti.

103 2016 327 2054 LXXXVI.
381 2016 535 2061 Caesar,
564 2015 670 2053 trinis
700 2015 833 2053 eastris
852 2014 1010 2065 potitus,
1037 2015 1189 2053 occisis-

53 2089 127 2128 que
153 2076 318 2114 hostium
350 2089 376 2113 x
406 2076 583 2121 millibus,
610 2075 826 2126 fugatisque
856 2074 1125 2125 compluribus,
1149 2089 1191 2114 se

53 2137 213 2188 recepit,
234 2148 256 2173 L
277 2136 460 2173 militibus
477 2136 636 2182 amissis,
661 2136 794 2187 paucis
813 2135 965 2181 sauciis,
984 2136 1022 2173 in
1042 2144 1190 2175 castra:

54 2209 100 2236 ac
117 2197 246 2235 statim
265 2209 314 2234 ex
333 2196 468 2234 itinere
487 2203 576 2234 ante
597 2196 778 2246 oppidum
793 2196 987 2246 Thapsum
1005 2197 1190 2242 constitit,

53 2257 353 2308 elephantosque
375 2268 491 2303 Lxlv,
514 2265 667 2294 ornatos
685 2264 940 2307 armatosque,
966 2269 1052 2294 cum
1079 2258 1192 2295 turri-

53 2317 127 2357 bus
158 2317 484 2367 ornamentisque,
516 2317 633 2367 capit,
661 2323 795 2372 captos
827 2324 916 2354 ante
935 2316 1116 2367 oppidum
1136 2317 1194 2354 in-
