1472 2664
533 292 700 330 LIBER
752 293 827 330 111.
1202 295 1254 332 69

110 410 193 435 eam
213 407 381 434 caussam
409 401 550 432 conatu
569 396 799 438 desistebat;
827 395 893 433 sed
913 396 1043 433 labore
1063 402 1103 432 et
1121 407 1250 446 perse·

109 458 279 495 verantia
304 462 503 493 nautarum
523 468 563 492 se
582 456 656 492 vim
677 457 916 506 tempestatis
935 468 1118 505 superare
1137 468 1251 506 posse

110 519 297 570 sperabat,
327 524 689 567 praetervectosque
730 517 1014 567 Dyrrhachium
1049 529 1187 566 magna
1218 516 1255 552 vi

110 579 215 617 venti
233 577 352 615 nihilo
371 577 497 614 secius
516 578 761 628 sequebatur.
818 577 963 622 Nostri,
998 578 1052 614 usi
1073 577 1253 614 fortunae

109 638 311 683 beneficio,
343 644 471 675 tamen
501 638 684 688 impetum
714 638 843 675 classis
871 638 1071 683 timebant,
1105 637 1134 674 si
1153 636 1254 674 forte

109 706 244 736 ventus
258 698 475 736 remisisset.
503 698 617 735 Nacti
633 706 799 748 portum,
817 698 881 748 qui
900 698 1113 747 appellatur
1135 697 1256 747 Nym-

110 760 289 811 phaeum,
317 759 418 795 ultra
449 758 599 795 Lissum
619 759 736 795 millia
769 771 947 808 passuum
969 769 1035 803 111,
1069 771 1115 795 eo
1135 770 1252 794 naves

111 819 423 863 introduxerunt,
457 818 542 869 (qui
561 826 694 868 portus
722 819 768 855 ab
791 818 926 855 Africo
954 818 1171 868 tegebatur,
1204 818 1251 855 ab

111 880 258 917 Austro
287 892 364 916 non
383 886 465 916 erat
483 878 612 930 tutus)
642 879 838 929 leviusque
867 879 1120 928 tempestatis,
1141 890 1254 928 quam

113 940 255 985 classis,
282 939 496 990 periculum
523 939 831 976 aestimaverunt.
886 940 973 980 Quo
1000 939 1109 975 simul
1139 946 1255 988 atque

112 1001 214 1038 intus
243 1008 300 1037 est
320 1000 429 1045 itum,
459 999 673 1036 incredibili
704 998 890 1036 felicitate
910 1000 1070 1044 Auster,
1102 998 1164 1049 qui
1186 1012 1255 1048 per

113 1062 271 1099 biduum
292 1061 463 1106 flaverat,
480 1061 517 1097 in
539 1059 713 1096 Africum
734 1072 774 1096 se
794 1060 922 1097 vertit.

167 1120 335 1159 XXVII.
390 1119 467 1157 Hic
504 1119 665 1157 subitam
701 1120 1036 1157 commutationem
1078 1119 1257 1157 fortunae

114 1183 244 1220 videre
264 1182 385 1219 licuit.
440 1181 516 1222 Qui
536 1180 650 1217 modo
678 1181 748 1217 sibi
774 1181 995 1226 timuerant,
1028 1181 1097 1217 lios
1118 1181 1259 1218 tutissi-

113 1257 199 1281 mus
217 1250 350 1293 portus
370 1241 605 1291 recipiebat:
625 1242 688 1291 qui
710 1242 847 1278 nostris
868 1242 1025 1279 navibus
1041 1241 1255 1291 periculum

116 1304 339 1349 intulerant,
369 1303 416 1339 de
436 1315 504 1339 suo
523 1303 658 1339 timere
678 1303 927 1352 cogebantur.
981 1302 1132 1353 Itaque,
1162 1310 1257 1339 tem·

113 1379 205 1416 pore
230 1371 479 1409 commutato,
499 1371 705 1414 tempestas
726 1373 763 1400 et
783 1373 932 1401 nostros
952 1364 1064 1408 texit,
1086 1372 1125 1399 et
1143 1376 1256 1400 naves

115 1425 285 1464 Rhodias
300 1424 445 1469 afflixit,
466 1424 519 1461 ita
539 1432 578 1461 ut
594 1425 642 1461 ad
658 1437 770 1461 unam
792 1437 924 1461 omnes
939 1431 1169 1469 constratae,
1190 1437 1260 1461 nu-

115 1499 222 1524 mero
242 1497 330 1531 xvi,
350 1485 596 1530 eliderentur,
623 1492 662 1522 et
681 1485 881 1535 naufragio
901 1485 1126 1526 interirent;
1153 1492 1192 1521 et
1213 1497 1261 1521 ex

114 1560 254 1597 magno
274 1546 460 1595 remigum
480 1553 885 1596 propugnatorumque
906 1558 1064 1584 numero
1084 1559 1184 1596 pars,
1213 1546 1263 1584 ad

115 1607 293 1658 scopulos
311 1606 432 1651 allisa,
465 1605 760 1651 interficeretur,
794 1619 881 1655 pars
900 1606 946 1642 ab
968 1606 1106 1643 nostris
1126 1606 1261 1644 distra-

114 1668 294 1705 heretur:
333 1679 427 1718 quos
447 1678 580 1703 omnes
600 1674 844 1704 conservatos
865 1666 1007 1704 Cacsar
1026 1667 1181 1704 domum
1202 1680 1261 1706 re-

118 1728 233 1767 misit.

169 1789 358 1827 XXVIII.
413 1789 578 1826 Nostrae
599 1801 714 1826 naves
735 1801 783 1835 ιι,
803 1789 948 1826 tardius
967 1802 1082 1827 cursu
1101 1789 1257 1828 confec-

118 1858 173 1897 to,
192 1851 229 1887 in
250 1858 402 1888 noctem
424 1852 639 1899 conjectae,
668 1863 785 1900 quum
815 1851 1050 1899 ignorarent,
1071 1863 1185 1900 quem
1206 1850 1262 1888 lo-

121 1925 208 1949 cum
244 1912 412 1962 reliquae
446 1911 651 1961 cepissent,
687 1918 819 1947 contra
843 1910 991 1948 Lissum
1018 1911 1056 1947 in
1085 1911 1264 1948 anchoris

119 1973 387 2010 constiterunt.
456 1971 552 2016 Has,
590 1970 739 2020 scaphis
777 1970 1063 2021 minoribusque
1104 1971 1264 2020 navigiis

119 2031 381 2082 compluribus
406 2030 614 2075 submissis,
648 2029 836 2067 Otacilius
867 2031 1039 2076 Crassus,
1073 2031 1136 2081 qui
1166 2031 1265 2069 Lissi

98 2092 101 2093 ⁷
119 2098 310 2142 praeerat,
329 2103 552 2141 expugnare
571 2091 754 2140 parabat:
785 2090 894 2127 simul
916 2091 963 2128 de
983 2091 1179 2128 deditione
1199 2103 1264 2128 co-

121 2165 202 2188 rum
236 2152 390 2201 agebat,
423 2159 463 2188 et
492 2151 794 2188 incolumitatem
829 2151 969 2188 deditis
1000 2151 1267 2202 pollicebatur.

122 2211 272 2249 Harum
293 2212 412 2249 altera
433 2212 536 2248 navis
566 2211 752 2248 ducentos
770 2210 907 2260 viginti
926 2225 974 2249 ex
1003 2212 1156 2260 legione
1177 2212 1266 2249 tiro-

121 2285 212 2310 num
231 2273 461 2314 sustulerat;
489 2273 609 2310 altera
628 2284 678 2309 ex
697 2280 877 2309 veterana
896 2273 1024 2323 paullo
1053 2273 1176 2309 minus
1197 2272 1266 2309 du·

123 2333 258 2374 centis.
294 2333 367 2370 His
383 2333 564 2383 cognosci
585 2333 708 2380 licuit,
727 2341 910 2383 quantum
932 2341 1033 2372 esset
1052 2333 1268 2371 hominibus
