1472 2664
262 278 333 313 104
570 275 645 313 DE
692 276 869 314 BELLO
917 277 1083 315 C1V1L1

257 377 428 424 inferior,
460 379 724 418 adolescentes
743 387 860 431 atque
879 382 1093 431 expeditos,
1114 395 1161 419 ex
1182 381 1398 433 antesignaa

256 440 314 476 nis
343 440 487 477 electos
507 440 646 478 milites
665 441 712 478 ad
734 441 1012 492 pernicitatem,
1038 443 1150 479 armis
1173 443 1271 480 inter
1290 444 1397 494 equi-

254 509 313 538 tes
332 502 508 552 proeliari
524 503 692 551 juberet,
713 502 775 552 qui
791 502 1011 552 quotidiana
1042 504 1322 541 consuetudine
1354 518 1395 541 u-

254 575 336 598 sum
354 575 506 612 quoque
519 564 601 612 ejus
621 563 772 612 generis
787 562 1018 612 proeliorum
1033 564 1288 614 perciperent..
1324 564 1395 601 His

252 630 336 660 erat
355 624 468 660 rebus
487 624 680 669 effectum,
709 631 750 661 ut
769 624 920 674 equites
940 635 985 669 M,
1006 624 1260 674 apertioribus
1279 625 1395 662 ctiam

253 683 360 729 locis,
383 696 445 720 vu
468 685 624 722 millium
643 684 961 736 Pompeianorum
978 685 1175 735 impetum,
1197 699 1313 735 quum
1329 687 1397 724 ad-

253 753 354 782 esset
374 759 478 789 usus,
498 746 686 783 sustinere
705 746 904 791 auderent,
932 759 1057 796 neque
1077 759 1310 797 magnopere
1330 760 1397 785 eo-

252 819 335 842 rum
356 806 601 843 multitudine
620 814 866 844 terrerentur.
912 807 1088 857 Namque
1108 808 1223 844 ctiam
1245 822 1311 858 per
1331 821 1396 846 eos

252 867 333 903 dies
351 867 535 917 proelium
566 867 776 904 seeundum
804 875 981 918 equestre
1002 867 1107 913 fecit,
1139 877 1256 918 atque
1278 881 1394 906 unum

253 927 504 977 Allobrogem
520 941 569 964 cx
586 928 749 973 duobus,
769 941 862 978 quos
878 928 1090 978 perfugisse
1105 929 1153 965 ad
1171 928 1394 978 Pompeium

253 1001 367 1038 supra
388 989 600 1033 docuimus,
631 1002 716 1026 cum
738 989 962 1038 quibusdam
987 989 1190 1026 interfecit.

301 1050 500 1086 LXXXV.
555 1049 774 1100 Pompeius,
795 1041 884 1100 quia
904 1058 1027 1088 castra
1046 1051 1083 1087 in
1104 1051 1201 1088 colle
1217 1051 1395 1097 habebat,

250 1111 299 1148 ad
319 1111 465 1148 infimas
497 1111 645 1148 radices
664 1111 805 1148 montis
824 1111 944 1148 aciem
966 1111 1202 1155 instruebat;
1230 1125 1393 1163 semper,

250 1180 293 1210 ut
312 1173 526 1218 videbatur,
546 1180 737 1223 spectans,
766 1172 795 1209 si
817 1173 953 1223 iniquis
974 1172 1067 1209 locis
1083 1173 1225 1210 Caesar
1243 1187 1283 1212 se
1303 1175 1394 1212 sub-

243 1234 394 1283 jiceret.
450 1234 604 1277 Caesar,
631 1233 734 1270 nulla
754 1233 902 1270 ratione
922 1233 969 1269 ad
989 1246 1154 1283 pugnam
1176 1235 1261 1272 elici
1281 1248 1393 1285 posse

249 1295 476 1346 Pompeium
496 1295 730 1339 existimans,
750 1294 850 1331 hanc
865 1294 934 1331 sibi
951 1294 1295 1333 commodissimam
1311 1296 1394 1334 bel-

248 1356 275 1393 li
297 1357 485 1394 rationem
501 1356 700 1406 judicavit,
729 1355 785 1392 uti
805 1363 930 1393 castra
958 1368 1007 1392 ex
1027 1368 1074 1392 eo
1093 1355 1180 1393 loco
1209 1364 1394 1403 moveret,

247 1430 475 1468 semperque
495 1425 595 1455 esset
614 1417 651 1453 in
672 1416 896 1454 itineribus:
934 1415 1008 1453 hoc
1027 1429 1200 1466 sperans,
1227 1424 1284 1464 ut,
1311 1431 1393 1455 mo-

246 1478 378 1515 vendis
395 1479 540 1523 castris,
560 1478 809 1528 pluribusque
829 1477 1013 1514 adeundis
1028 1477 1135 1523 locis,
1155 1478 1391 1516 commodio-

247 1552 289 1576 re
307 1538 556 1577 frumentaria
575 1553 614 1576 re
634 1545 825 1580 uteretur;
845 1538 1032 1588 simulque
1052 1538 1089 1574 in
1106 1538 1242 1576 itinere
1262 1546 1304 1576 ut
1324 1540 1393 1577 ali-

248 1613 360 1650 quam
382 1600 623 1637 occasionem
644 1598 851 1636 dimicandi
871 1599 1172 1645 nancisceretur,
1192 1607 1244 1644 et,
1264 1600 1392 1638 insoli-

246 1669 327 1698 tum
344 1661 391 1698 ad
410 1661 592 1706 laborem,
611 1660 784 1709 Pompeii
799 1660 1012 1697 exercitum
1029 1660 1258 1710 quotidianis
1277 1661 1390 1699 itine-

246 1722 351 1759 ribus
385 1722 625 1772 defatigaret.
681 1721 754 1758 His
783 1721 1001 1758 constitutis
1021 1721 1148 1766 rebus,
1178 1721 1286 1771 signo
1309 1724 1390 1772 jam

247 1783 497 1833 profectionis
517 1783 619 1826 dato,
648 1781 981 1831 tabernaculisque
1008 1781 1190 1826 detensis,
1219 1782 1389 1821 animad-

246 1856 397 1880 versum
418 1850 476 1880 est
495 1843 622 1893 paullo
641 1850 746 1888 ante,
774 1850 885 1879 extra
905 1842 1163 1892 quotidianam
1184 1850 1389 1881 consuetu·

246 1905 388 1950 dinem,
417 1904 568 1954 longius
588 1916 609 1941 a
628 1903 727 1940 vallo
756 1915 838 1940 esse
858 1903 978 1940 aciem
1010 1902 1181 1954 Pompeii
1209 1917 1389 1954 progres-

246 1978 339 2010 sam,
377 1972 419 2002 ut
453 1978 529 2002 non
563 1964 693 2014 iniquo
725 1964 811 2000 loco
843 1976 952 2014 posse
983 1963 1155 2001 dimicari
1183 1964 1389 2002 videretur.

234 2026 346 2063 Tunc
386 2026 527 2063 Caesar
556 2025 658 2076 apud
681 2037 783 2070 suos,
815 2038 930 2075 quum
957 2026 1035 2074 jam
1056 2031 1157 2062 esset
1185 2037 1322 2075 agmen
1349 2026 1387 2063 in

244 2087 380 2139 portis,
401 2092 426 2110 ‘⁵
447 2086 710 2124 Differendum
735 2087 837 2131 est,’'
858 2086 994 2136 inquit,
1015 2090 1041 2108 “
1060 2085 1132 2123 iter
1151 2086 1187 2122 in
1208 2098 1386 2136 praesen-

249 2152 276 2170 “
295 2147 348 2184 tia
366 2147 490 2191 nobis,
519 2154 557 2184 et
577 2146 624 2183 de
651 2146 797 2197 proelio
825 2146 1085 2196 cogitandum,
1118 2146 1216 2184 sicut
1235 2159 1387 2197 semper

247 2211 274 2229 “
293 2206 608 2256 depoposcimus:
632 2206 758 2242 animo
773 2205 889 2243 simus
905 2207 952 2243 ad
967 2206 1223 2244 dimicandum
1239 2207 1384 2257 parati:
1425 2237 1428 2240 .

246 2271 273 2289 “
292 2279 368 2303 non
396 2266 508 2303 facile
527 2265 767 2304 occasionem
788 2274 922 2316 postea
940 2267 1215 2318 reperiemus.’'
1236 2267 1384 2306 confes-

247 2326 392 2378 timque
411 2327 611 2378 expeditas
631 2327 761 2377 copias
781 2327 923 2365 educit.
