1472 2664
514 272 678 311 LIBER
731 272 806 310 111.
1179 274 1228 315 87

93 384 207 427 atque
227 383 415 414 errantem
442 389 589 427 regere,
617 383 769 427 posset:
798 388 974 426 praeesse
1003 383 1128 413 autem
1157 389 1227 413 suo

93 438 245 474 nomine
257 437 464 480 exercitui3
483 444 539 482 ut,
559 445 710 487 praeter
725 436 1006 481 auctoritatem,
1022 436 1120 473 vires
1136 450 1228 487 quo·

94 511 167 548 que
180 499 227 535 ad
244 498 495 536 coercendum
511 498 670 534 haberet
685 511 694 534 ε
716 496 817 547 quod
833 496 862 533 si
877 496 1044 542 fecisset,
1059 497 1227 546 quietem

94 559 241 606 Italiae,
256 571 387 610 pacem
403 557 699 609 provinciarum,
715 557 875 594 salutem
892 557 1053 607 imperii,
1068 557 1131 593 uni
1149 570 1229 594 om·

94 633 161 658 nes
182 627 378 670 acceptam
399 619 595 656 relaturos.
638 619 747 655 Haec
768 617 812 654 ad
835 631 921 655 eum
941 618 1120 655 mandata
1139 619 1228 656 Clo-

93 680 176 716 dius
195 679 323 716 refert.
362 679 437 724 Ac,
456 679 585 728 primis
605 678 752 723 diebus,
773 686 815 714 ut
833 677 1048 723 videbatur,
1067 678 1230 716 libenter

93 739 256 784 auditus,
276 738 428 788 reliquis
447 739 495 775 ad
516 739 746 789 colloquium
769 751 843 775 non
863 738 1093 784 admittitur,
1114 739 1228 776 casti·

91 806 181 849 gato
209 799 387 849 Scipione
415 811 436 835 a
457 799 638 846 Favonio,
669 806 712 836 ut
739 807 886 850 postea,
915 798 1093 836 confecto
1113 800 1227 845 bello,

92 859 396 909 reperiebamus:
429 859 647 910 infectaque
678 873 719 897 re
751 873 834 897 sese
862 860 911 896 ad
939 860 1141 897 Caesarem
1171 874 1229 897 re-

92 920 206 969 cepit.

142 980 290 1017 LVIII.
345 981 498 1026 Caesar,
532 994 608 1031 quo
627 980 775 1019 facilius
795 981 1005 1032 equitatum
1029 981 1230 1032 Pompeia-

92 1055 181 1079 num
203 1043 251 1079 ad
270 1043 555 1093 Dyrrhachium
575 1043 802 1088 contineret,
823 1050 862 1079 et
880 1042 1122 1092 pabulatione
1143 1055 1230 1092 pro-

91 1102 255 1147 hiberet,
283 1103 409 1139 aditus
428 1102 538 1147 duos,
566 1115 660 1152 quos
679 1114 761 1138 esse
790 1108 973 1151 angustos
993 1101 1230 1138 demonstra-

92 1162 227 1206 vimus,
256 1162 403 1212 magnis
422 1162 600 1212 operibus
623 1161 892 1212 praemunivit,
923 1161 1154 1211 castellaque
1173 1161 1231 1201 his

91 1222 184 1260 locis
199 1222 338 1272 posuit.
376 1222 593 1272 Pompeius,
615 1223 678 1260 ubi
694 1222 786 1259 nihil
801 1222 934 1272 profici
951 1222 1122 1272 equitatu
1140 1236 1231 1272 cog-

92 1282 210 1328 novit,
230 1282 360 1332 paucis
380 1282 601 1319 intermissis
620 1283 768 1327 diebus,
796 1294 946 1319 rursum
966 1295 1052 1318 eum
1072 1282 1230 1320 navibus

94 1343 143 1380 ad
162 1356 202 1380 se
224 1343 324 1380 intra
348 1343 578 1380 munitiones
607 1343 754 1393 recipit.
809 1342 903 1379 Erat
929 1355 1076 1380 summa
1103 1343 1232 1394 inopia

95 1404 238 1454 pabuli,
270 1404 366 1441 adeo
388 1410 429 1440 ut
447 1403 545 1440 foliis
565 1417 613 1440 ex
633 1403 831 1440 arboribus
850 1403 1006 1449 strictis,
1031 1412 1070 1441 ct
1090 1404 1232 1443 teneris

90 1464 318 1501 arundinum
333 1463 523 1501 radicibus
539 1463 721 1508 contusis,
741 1476 859 1513 equos
874 1464 1019 1501 alerent
1033 1478 1042 1500 ι
1062 1464 1229 1500 frumen-

94 1532 134 1562 ta
152 1525 267 1570 enim,
287 1537 384 1575 quae
402 1524 554 1561 fuerant
574 1524 672 1561 intra
690 1524 919 1561 munitiones
939 1532 1032 1570 sata,
1053 1538 1231 1562 consum-

93 1593 234 1631 serant,
250 1592 290 1623 et
308 1585 544 1635 cogebantur
560 1585 743 1635 Corcyra,
762 1592 878 1635 atque
900 1586 1130 1631 Acarnania,
1149 1585 1231 1623 lon-

92 1659 142 1696 go
162 1646 365 1696 interjecto
388 1646 638 1696 navigationis
665 1646 801 1696 spatio,
831 1646 1011 1697 pabulum
1030 1655 1231 1697 supporta-

94 1719 154 1750 re;
173 1719 325 1757 quoque
340 1714 422 1744 erat
437 1707 518 1756 ejus
534 1706 588 1743 rei
604 1707 726 1744 minor
741 1706 851 1756 copia
866 1707 1009 1744 hordeo
1024 1707 1229 1757 adaugere,

93 1774 208 1818 atque
227 1767 284 1804 his
304 1767 511 1805 rationibus
537 1767 749 1818 equitatum
779 1767 954 1804 tolerare.
1010 1768 1099 1814 Sed,
1128 1777 1231 1818 post-

93 1840 206 1878 quam
223 1841 298 1865 non
314 1828 427 1864 modo
440 1827 639 1874 hordeum,
659 1827 915 1878 pabulumque
930 1828 1105 1865 omnibus
1123 1829 1229 1874 locis,

92 1888 311 1938 herbaeque
343 1888 538 1934 desectae,
570 1889 638 1926 sed
657 1889 770 1926 etiam
789 1888 937 1926 fructus
956 1902 1005 1926 ex
1032 1889 1230 1926 arboribus

94 1948 338 1995 deficiebant,
358 1949 546 2000 corruptis
565 1949 672 2000 equis
688 1949 823 1994 macie,
845 1949 1059 1986 conandum
1079 1949 1151 1986 sibi
1165 1949 1230 1986 ali-

94 2009 186 2061 quid
205 2009 408 2060 Pompeius
427 2010 475 2046 de
494 2010 695 2060 eruptione
714 2009 958 2047 existimavit.

144 2070 248 2106 LIX.
295 2070 415 2107 Erant
443 2070 545 2120 apud
573 2071 776 2108 Caesarem
803 2083 853 2107 ex
872 2071 1044 2121 equitum
1072 2083 1230 2108 numero

95 2130 327 2180 Allobroges
345 2130 437 2175 duo,
469 2130 619 2176 fratres,
650 2131 840 2169 Roscillus
858 2139 898 2168 et
919 2132 1066 2180 Aegus,
1096 2132 1229 2169 Adbu-

95 2191 171 2228 cilli
190 2191 270 2235 filii,
299 2190 363 2241 qui
383 2191 639 2241 principatum
659 2192 696 2228 in
716 2192 868 2229 civitate
889 2192 1016 2229 multis
1035 2192 1142 2229 annis
1163 2193 1228 2229 ob-

94 2251 274 2297 tinuerat,
310 2251 492 2301 singulari
524 2252 663 2289 virtute
701 2252 886 2298 homines,
923 2266 1082 2303 quorum
1116 2265 1231 2302 opera

96 2310 236 2349 Caesar
261 2311 435 2350 omnibus
460 2311 618 2351 Gallicis
645 2313 754 2351 bellis
781 2313 924 2364 optima
952 2313 1230 2364 fortissimaque
