1472 2664
253 260 305 296 54
525 255 600 293 DE
638 254 818 293 BELLO
858 253 1027 294 CIVILI

251 358 332 397 deri
348 365 538 410 receptos,
558 373 607 398 ne
626 367 691 397 aut
707 359 880 409 ingratus
896 359 933 396 in
954 358 1154 397 referenda
1171 358 1307 410 gratia,
1327 365 1393 398 aut

248 431 432 470 arrogans
449 420 485 456 in
504 419 771 471 praeripiendo
792 420 920 470 populi
941 419 1144 465 beneficio,
1160 419 1366 457 videretur.

302 480 354 517 11.
410 480 482 517 His
502 481 628 525 rebus,
649 487 689 518 et
710 481 810 518 feriis
830 480 992 526 Latinis,
1012 480 1251 530 comitiisque
1271 479 1392 517 omni-

246 541 318 578 bus
337 540 580 590 perficiendis
600 553 643 577 xl
665 542 746 578 dies
766 542 913 587 tribuit,
942 541 1207 592 dictaturaque
1227 555 1267 580 se
1286 542 1392 579 abdi-

249 610 325 647 cat,
346 611 384 638 et
401 603 446 639 ab
463 602 557 638 urbe
578 602 846 652 proficiscitur,
869 601 1189 652 Brundisiumque
1209 602 1397 653 pervenit.

249 662 308 699 130
329 662 498 712 legiones
519 674 596 707 xli,
627 663 838 713 equitatum
871 677 1037 708 omnem,
1070 664 1199 701 venire
1214 665 1394 713 jusserat.

247 723 312 761 sed
335 730 481 760 tantum
504 722 654 759 navium
676 724 831 773 reperit,
864 732 906 761 ut
925 731 1087 774 anguste
1114 735 1169 761 xv
1189 724 1308 761 millia
1340 724 1392 762 le-

257 785 513 834 gionariorum
531 783 708 830 militum,
729 796 755 820 D
771 785 934 834 equites,
954 792 1212 835 transportare
1232 792 1397 835 possent.

248 845 339 881 Hoc
356 857 486 888 unum,
505 844 631 894 inopia
646 845 812 890 navium,
827 846 981 882 Caesari
996 845 1044 882 ad
1060 845 1288 883 conficiendi
1303 845 1393 882 belli

246 906 483 943 celeritatem
504 905 639 942 defuit.
682 907 812 956 Atque
827 919 895 943 eae
912 906 1014 955 ipsae
1029 906 1163 958 copiae
1182 906 1256 943 hoc
1279 906 1394 944 infre·

247 967 469 1018 quentiores
490 967 751 1016 imponuntur,
773 967 874 1017 quod
897 967 1003 1004 multi
1025 966 1186 1004 Gallicis
1206 974 1264 1004 tot
1284 967 1394 1005 bellis

250 1027 488 1072 defecerant,
510 1027 743 1077 longumque
763 1028 835 1064 iter
850 1042 897 1065 ex
917 1027 1105 1078 Hispania
1123 1040 1303 1077 magnum
1323 1041 1394 1065 nu·

245 1101 392 1125 merum
413 1088 667 1133 deminuet-at,
684 1097 722 1126 et
737 1091 863 1138 gravis
883 1096 1088 1126 autumnus
1107 1088 1145 1125 in
1165 1087 1307 1138 Apulia
1321 1088 1396 1125 cir·

248 1160 412 1198 cumque
435 1147 692 1193 Brundisium,
726 1161 775 1185 ex
795 1148 1052 1186 saluberrimis
1072 1147 1221 1185 Galliae
1240 1155 1280 1184 et
1300 1147 1394 1185 His-

248 1211 385 1259 paniae
409 1209 642 1258 regionibus,
663 1221 815 1246 omnem
836 1210 1052 1247 exercitum
1071 1208 1288 1247 valetudine
1309 1216 1395 1246 ten-

249 1277 408 1307 taverat.

299 1331 372 1367 111.
428 1331 647 1382 Pompeius,
678 1344 846 1368 annuum
867 1331 1030 1381 spatium
1050 1331 1097 1368 ad
1118 1330 1394 1382 comparandas

247 1393 377 1443 copias
408 1401 556 1438 nactus,
590 1393 691 1442 quod
711 1405 872 1429 vacuum
893 1405 915 1429 a
932 1392 1034 1429 bello
1061 1400 1176 1443 atque
1204 1392 1252 1428 ab
1281 1391 1390 1429 hoste

246 1455 410 1491 otiosum
433 1453 569 1498 fuerat,
592 1466 767 1503 magnam
784 1466 831 1489 ex
851 1453 941 1490 Asia
958 1453 1267 1504 Cycladibusque
1287 1452 1392 1490 insu-

247 1515 306 1560 lis,
328 1514 511 1564 Corcyra,
534 1514 713 1559 Athenis,
731 1514 870 1559 Ponto,
890 1510 1083 1564 Bithynia,
1101 1513 1225 1564 Syria,
1242 1513 1391 1560 Cilicia,

247 1575 455 1620 Phoenice,
480 1577 675 1625 Aegypto,
691 1575 850 1611 classem
867 1576 1061 1624 coegerat,
1078 1587 1254 1625 magnam
1270 1575 1391 1613 omni-

246 1637 318 1673 bus
333 1637 426 1673 locis
441 1636 714 1673 aedificandam
729 1643 945 1677 curaverat;
965 1647 1154 1685 magnam,
1169 1635 1392 1686 imperatam

249 1698 380 1743 Asiae,
398 1697 546 1748 Syriae,
565 1698 794 1747 regibusque
811 1697 1000 1741 omnibus,
1019 1704 1059 1733 et
1074 1696 1258 1746 dynastis,
1279 1703 1318 1734 et
1334 1703 1392 1734 te-

248 1758 422 1803 trarchis,
444 1766 482 1795 et
499 1757 628 1796 liberis
651 1758 822 1794 Achaiae
842 1758 1007 1807 populis,
1026 1757 1228 1807 pecuniam
1247 1769 1393 1808 exege-

248 1828 322 1862 rat;
342 1833 518 1869 magnam
535 1819 738 1856 societates
758 1831 888 1855 earum
908 1818 1202 1869 provinciarum,
1222 1830 1316 1869 quas
1335 1819 1393 1869 ip-

247 1893 289 1918 se
305 1880 517 1924 obtinebat,
537 1880 606 1916 sibi
628 1892 829 1916 numerare
851 1880 1044 1927 coegerat.

298 1940 368 1977 IV.
424 1940 614 1989 Legiones
634 1939 814 1976 effecerat
834 1940 971 1976 Clvlum
999 1941 1256 1977 Romanorum
1277 1951 1337 1983 1x3
1367 1951 1395 1977 v

247 2015 295 2038 ex
318 2000 440 2045 ltalia,
461 2013 554 2050 quas
575 1999 867 2042 transduxerau
897 2013 1009 2037 unam
1026 2014 1075 2037 ex
1098 1999 1227 2037 sicilia
1245 2008 1393 2038 vetera-

247 2075 348 2107 nam,
370 2074 497 2112 quam,
517 2061 658 2098 factam
678 2074 727 2098 ex
748 2062 907 2107 duabus,
928 2062 1130 2111 gemellam
1151 2062 1395 2113 appellabat3

247 2135 360 2160 unam
382 2134 429 2158 ex
453 2123 569 2158 Creta
588 2129 627 2158 et
650 2121 891 2167 Macedonia,
912 2135 959 2158 ex
982 2122 1171 2159 veteranis
1191 2122 1392 2168 militibus,

247 2183 325 2234 qui,
356 2182 496 2219 dimissi
517 2194 538 2218 a
567 2182 827 2232 superioribus
846 2182 1153 2232 imperatoribuS,
1181 2183 1219 2219 in
1239 2183 1283 2220 iis
1303 2195 1392 2233 pro-

245 2244 381 2281 vinciis
402 2243 679 2286 consederant3
712 2255 743 2279 11
766 2256 814 2280 ex
843 2244 949 2283 Asia,
980 2256 1073 2294 quas
1094 2243 1281 2281 Lentulus
1301 2256 1393 2281 con-

248 2305 307 2343 sul
326 2304 623 2341 conscribendas
643 2310 854 2341 curaverat.
892 2303 1098 2342 Praeterea
1121 2316 1304 2355 magnum
1322 2316 1392 2342 nu-
