1472 2664
279 271 354 308 DE
382 271 560 309 BELLO
588 273 764 312 AFRIC.
789 273 965 312 LIBER.
1120 279 1199 316 215

62 374 152 424 quia
177 379 218 411 et
243 374 391 424 equites
420 375 638 413 deterrebat
663 376 850 426 proelium
868 376 962 414 inire
981 384 1136 428 propter
1154 392 1194 416 e-

62 447 221 486 quorum
241 434 450 482 interitum,
483 436 586 486 quod
605 449 669 474 eos
685 437 822 486 jaculis
840 436 1137 481 interficIebant;
1156 447 1197 476 et

58 495 309 546 legionarium
340 495 498 533 militem
527 496 790 547 defatigabant
824 504 981 548 propter
1012 499 1193 536 velocita-

61 563 160 593 tem:
187 556 310 606 gravis
329 557 430 594 enim
450 564 662 595 armaturae
680 557 787 596 miles
806 558 916 595 simul
935 566 1051 609 atque
1070 560 1116 596 ab
1136 561 1195 598 his

58 617 266 655 insectatus
293 617 529 665 constiterat,
575 618 614 655 in
645 631 786 669 eosque
814 619 997 669 impetum
1032 619 1192 667 fecerat,

57 677 112 714 illi
127 677 249 715 veloci
270 691 384 715 cursu
404 679 516 725 facile
535 678 749 729 periculum·
764 679 947 717 vitabant.

105 737 271 776 LXXII.
316 739 463 782 Quibus
477 751 527 776 ex
546 740 658 777 rebus
674 739 814 777 Caesar
828 740 1074 778 veliementer
1089 755 1192 779 com·

54 799 302 844 movebatur;
338 800 440 850 quia,
460 800 716 850 quodcunque
736 800 921 851 proelium
941 802 1090 851 quoties
1109 811 1192 841 erat

55 860 311 906 commissum,
341 860 514 910 equitatu
533 873 601 898 suo
630 861 711 898 sinc
730 861 938 911 legionario
966 862 1085 900 milite
1105 863 1191 901 hos-

55 921 151 959 tium
169 921 367 972 equitatui,
387 921 537 971 levique
557 929 770 959 armaturae
789 934 934 967 eorum,
955 922 1058 959 nullo
1076 924 1191 961 modo

52 994 121 1032 par
134 994 217 1019 esse
232 988 394 1032 poterat.
435 981 718 1019 Sollicitabatur
731 989 858 1019 autem
873 982 931 1020 his
947 983 1071 1028 rebus,
1087 984 1191 1034 quod

53 1042 224 1080 nondum
243 1042 407 1080 hostium
426 1042 596 1091 legiones
612 1050 857 1092 cognoverat,
877 1049 916 1080 et
930 1056 1092 1093 quonam
1109 1058 1189 1082 mo-

53 1104 103 1141 do
123 1104 310 1141 sustinere
328 1115 369 1140 se
388 1110 517 1153 posset
535 1103 581 1140 ab
597 1115 729 1140 eorum
749 1103 936 1152 equitatu,
959 1103 1109 1154 levique
1128 1117 1188 1142 ar-

51 1171 214 1210 matura,
233 1175 331 1215 quae
350 1169 431 1200 erat
449 1163 620 1208 mirifica,
648 1163 679 1200 si
698 1162 870 1212 legiones
888 1176 1041 1214 quoque
1060 1177 1188 1203 acces·

53 1225 220 1263 sissent.-
244 1224 470 1262 Accedebat
484 1224 598 1261 etiam
614 1223 710 1261 haec
726 1236 872 1270 caussa,
891 1225 993 1275 quod
1007 1225 1188 1276 elephan-

52 1292 177 1324 torum
196 1284 432 1337 magnitudo,
460 1284 755 1334 multitudoque,
775 1284 935 1322 militum
955 1285 1099 1323 animos
1119 1286 1187 1323 de-

50 1346 198 1385 tinebat
215 1347 254 1384 in
273 1354 440 1384 terrore:
469 1345 532 1383 cui
551 1345 617 1382 uni
635 1345 690 1382 rei
709 1352 837 1382 tamen
852 1344 1048 1383 invenerat
1067 1358 1188 1384 remc-

49 1407 167 1445 dium.
213 1407 390 1458 Namque
408 1406 632 1457 elephantos
651 1418 699 1442 ex
718 1405 735 1441 I
740 1405 829 1442 talia
847 1407 1093 1456 transportari
1108 1408 1187 1457 jus·

50 1474 165 1513 serat,
185 1479 261 1518 quo
277 1474 317 1504 et
331 1466 438 1504 miles
452 1473 581 1504 noster
596 1465 838 1517 speciemque
857 1473 896 1504 et
909 1466 1086 1504 virtutem
1101 1468 1187 1505 bes-

49 1528 125 1565 tiae
153 1534 420 1578 cognosceret,
444 1534 484 1565 et
501 1527 564 1565 cui
581 1526 680 1576 parti
700 1526 868 1576 corporis
894 1528 976 1576 ejus
995 1527 1111 1564 telum
1132 1528 1187 1565 fa·

50 1588 122 1626 cile
139 1588 242 1638 adigi
262 1594 390 1639 posset
406 1603 414 1632 ;
439 1594 673 1637 ornatusque
691 1599 736 1624 ac
754 1587 933 1625 loricatus
951 1601 1067 1638 quum
1086 1597 1188 1627 essct
1211 1606 1214 1607 ⁷

48 1648 289 1700 elephantus,
317 1660 414 1699 quae
432 1660 519 1698 pars
539 1649 619 1697 ejus
638 1648 808 1698 corporis
826 1648 927 1685 nuda
945 1648 1025 1686 siue
1050 1649 1186 1699 tegmi-

47 1722 96 1747 ne
116 1709 407 1760 relinqueretur,
427 1716 470 1746 ut
487 1721 534 1746 eo
549 1708 625 1746 tela
644 1709 925 1759 conjicerentur
941 1725 949 1752 ;
971 1716 1184 1759 praeterea,

49 1777 91 1808 ut
115 1773 291 1820 J'umenta
317 1770 526 1809 bestiarum
555 1770 726 1815 odorem,
760 1770 975 1815 stridorem,
1002 1770 1185 1820 speciem,

47 1831 340 1877 consuetudine,
369 1839 565 1882 captarum
584 1843 661 1867 non
688 1829 991 1868 reformidarent.
1035 1831 1184 1872 Quibus

47 1904 98 1929 ex
113 1891 226 1930 rebus
243 1891 400 1941 largiter
413 1898 494 1928 erat
514 1898 764 1928 consecutus:
788 1903 873 1928 nam
890 1898 930 1928 et
944 1891 1082 1928 milites
1100 1892 1186 1929 bes·

47 1952 119 1990 tias
134 1952 305 1989 manibus
321 1951 620 2002 pertractabant,
639 1963 845 2002 earumque
861 1951 1077 1989 tarditatem
1093 1965 1183 2002 cog-

47 2012 273 2057 noscebant,
297 2012 521 2062 equitesque
541 2012 578 2049 in
598 2025 662 2050 eos
681 2012 758 2062 pila
775 2012 983 2063 praepilata
1001 2013 1183 2062 conjicie-

46 2074 161 2118 bant3
187 2081 301 2124 atque
321 2072 359 2109 in
378 2072 692 2110 consuetudinem
710 2085 828 2124 equos
846 2073 1030 2124 patientie}
1047 2074 1184 2112 bestia-

46 2146 129 2171 rum
148 2134 374 2172 adduxerat.

96 2193 284 2231 LXXIII.
337 2193 398 2230 Ob
427 2193 494 2232 has
513 2206 680 2240 caussas,
708 2207 801 2245 quas
819 2207 935 2245 supra
951 2206 1182 2232 commemo-

46 2254 139 2300 ravi,
158 2254 433 2292 sollicitabatur
452 2253 606 2299 Caesar,
625 2254 845 2305 tardiorque
859 2261 898 2291 et
913 2253 1186 2292 consideratior

42 2319 129 2350 erat
144 2312 283 2360 factus,
303 2320 342 2352 et
361 2325 410 2352 ex
431 2312 589 2364 pristina
606 2313 772 2352 bellandi
791 2313 1068 2353 consuetudine
1084 2313 1184 2352 cele-
