1472 2664
261 264 336 300 256
567 260 791 299 INCERT1
822 253 1096 300 AUCToms'

1310 315 1330 330 a?

255 376 370 414 quem
406 375 521 414 supra
551 363 905 411 demonstravimus,
943 365 1006 402 illa
1041 365 1198 402 affectus
1235 365 1394 410 laetitia,

254 424 429 474 proximo
462 437 501 462 se
530 425 674 474 recepit
703 425 871 470 castello,
902 424 1177 475 nonnullasque
1207 438 1321 463 naves
1346 427 1394 464 ad

253 484 499 522 reficiendum
518 485 710 522 subduxit.
763 484 949 530 Lusitani,
970 485 1032 535 qui
1052 498 1101 522 ex
1120 499 1247 535 pugna
1262 499 1393 537 super-

251 545 419 590 fuerunt,
451 545 499 582 ad
525 546 672 595 signum
699 559 739 583 se
766 553 1009 596 receperunt,
1041 553 1093 591 et,
1125 547 1223 584 bene
1253 561 1392 597 magna

250 618 364 643 manu
384 614 614 656 comparata,
635 606 682 643 ad
702 606 860 643 Didium
881 619 920 643 se
942 614 1149 656 reportant.
1196 607 1300 645 Huic
1321 609 1391 646 etsi

251 679 327 703 non
348 666 480 703 aberat
510 666 707 716 diligentia
725 666 773 703 ad
800 679 913 703 naves
936 667 1109 712 tuendas,
1143 675 1269 705 tamen
1290 682 1384 706 non-

252 739 445 777 nunquam
462 740 510 763 ex
530 727 686 763 castello
706 734 860 777 propter
879 740 1010 764 eorum
1027 729 1177 765 crebras
1196 730 1393 767 excursio-

254 799 323 823 nes
342 786 586 829 eliciebatur3
614 794 653 824 et
671 787 724 823 sic
744 800 861 836 prope
883 787 1109 836 quotidianis
1139 789 1277 838 pugnis
1305 790 1394 827 insi-

251 847 332 884 dias
361 854 522 897 ponunt,
555 852 594 883 et
623 846 812 896 tripartito
842 847 949 896 signa
976 847 1218 884 distribuunt.
1273 848 1392 886 Erant

251 906 387 957 parati,
407 906 470 956 qui
490 919 605 943 naves
621 906 890 949 incenderent;
919 907 1171 957 incensisque,
1192 909 1254 958 qui
1275 910 1392 946 subsi-

252 967 355 1004 dium
376 975 614 1018 repeterent:
635 967 660 1003 ii
680 967 733 1004 sic
753 967 924 1017 dispositi
943 975 1064 1012 erant,
1084 976 1126 1004 ut
1141 980 1162 1004 a
1178 969 1281 1006 nullo
1301 982 1392 1006 con-

249 1028 372 1078 specti
391 1028 558 1065 omnium
578 1027 625 1064 ad
645 1040 810 1077 pugnam
831 1028 1118 1064 contenderent.
1172 1028 1244 1073 Ita,
1277 1043 1393 1080 quum

250 1102 298 1126 cx
319 1089 474 1126 castello
502 1088 639 1125 Didius
658 1088 705 1125 ad
725 1088 1011 1138 propellendum
1042 1089 1287 1138 processisset
1307 1103 1394 1128 cum

250 1149 380 1199 copiis,
412 1149 561 1198 signum
581 1161 603 1185 a
623 1149 814 1185 Lusitanis
843 1149 1002 1195 tollitur,
1032 1162 1146 1186 naves
1175 1149 1390 1188 incendun-

250 1217 334 1252 tur;
365 1209 566 1259 simulque,
595 1209 657 1258 qui
687 1208 723 1245 in
753 1209 909 1246 castello
929 1209 976 1246 ad
1003 1222 1169 1259 pugnam
1198 1223 1394 1259 processe-

250 1277 349 1315 rant,
369 1270 503 1306 codem
524 1269 632 1319 signo
652 1269 842 1318 fugientes
862 1270 1026 1307 latrones
1047 1270 1134 1306 dum
1156 1283 1389 1321 persequun-

249 1337 324 1375 tur,
356 1342 377 1366 a
397 1337 504 1379 tergo
531 1329 688 1366 insidiae
721 1330 886 1367 clamore
907 1329 1053 1366 sublato
1075 1330 1392 1371 circumveniunt.

249 1388 388 1426 Didius
407 1401 544 1438 magna
562 1401 648 1425 cum
668 1389 808 1426 virtute
827 1402 913 1426 cum
933 1390 1190 1440 compluribus
1210 1391 1391 1430 interfici-

248 1457 335 1487 tur:
365 1449 536 1486 nonnulli
565 1462 611 1486 ea
638 1461 768 1498 pugna
787 1450 960 1499 scaphas,
990 1462 1088 1500 quae
1106 1450 1153 1487 ad
1181 1451 1286 1489 littus
1305 1452 1389 1489 fue-

248 1518 346 1556 rant,
368 1516 578 1561 occupant:
601 1509 691 1546 item
711 1510 924 1559 complures
940 1510 1065 1553 nando
1079 1510 1127 1548 ad
1146 1524 1272 1558 naves,
1292 1526 1389 1563 quae

249 1571 286 1607 in
308 1571 387 1608 salo
407 1571 574 1616 fuerunt,
602 1583 642 1607 se
662 1570 863 1621 recipiunt.
919 1571 1112 1608 Anchoris
1133 1572 1302 1618 sublatis,
1323 1586 1389 1624 pe-

247 1632 356 1681 lagus
375 1632 486 1668 remis
513 1639 645 1681 petere
673 1639 905 1682 coeperunt:
943 1644 1040 1682 quae
1060 1645 1119 1669 res
1138 1645 1268 1670 eorum
1288 1634 1389 1671 vitae

248 1691 413 1728 subsidio
432 1691 514 1728 fuit.
552 1691 724 1728 Lusitani
744 1692 884 1742 praeda
902 1692 1109 1742 potiuntur.
1148 1692 1288 1731 Caesar
1309 1693 1386 1731 Ga-

248 1751 359 1789 dibus
379 1765 505 1789 rursus
524 1752 571 1788 ad
592 1752 779 1801 Hispalim
800 1752 973 1789 recurrit.

300 1812 404 1849 XLI.
467 1812 605 1849 Fabius
635 1812 843 1858 Maximus,
873 1825 984 1863 quem
1019 1813 1099 1863 ipse
1124 1813 1171 1850 ad
1200 1813 1388 1852 Mundam

248 1873 476 1924 praesidium
509 1873 806 1924 oppugnandum
844 1874 1046 1923 reliquerat
1083 1874 1259 1924 operibus
1295 1878 1385 1912 assi-

248 1933 344 1979 duis,
361 1933 564 1984 hostesque
585 1934 727 1971 circum
743 1946 825 1970 sese
845 1934 1053 1978 interclusi,
1075 1934 1172 1971 iuter
1191 1946 1233 1970 se
1253 1935 1388 1973 decer-

246 2006 350 2038 nere,
379 1994 481 2031 facta
509 1995 624 2031 caede
653 1995 751 2032 bene
772 2007 920 2044 magna,
968 1998 990 2020 *
1021 1998 1043 2020 ἔ*
1069 1995 1313 2045 eruptionem
1333 1994 1390 2033 fa-

249 2054 366 2090 ciunt.
412 2054 543 2091 Nostri
563 2055 609 2091 ad
630 2054 808 2105 oppidum
825 2055 1126 2105 recuperandum
1145 2055 1386 2093 occasionem

247 2127 322 2150 non
356 2115 682 2164 praetermittunt,
714 2123 753 2152 et
786 2115 950 2165 reliquos
981 2115 1084 2153 vivos
1114 2115 1281 2165 capiunt,
1313 2127 1389 2152 xlv

249 2175 379 2221 millia,
400 2188 444 2212 ac
465 2176 602 2213 deinde
623 2176 833 2213 Ursaonem
856 2175 1162 2226 profisiscuntur:
1199 2174 1299 2224 quod
1320 2188 1386 2225 op-

248 2236 378 2286 pidum
399 2250 536 2286 magna
555 2237 764 2273 munitione
785 2236 1065 2281 continebatur,
1085 2236 1153 2280 sic,
1174 2243 1214 2271 ut
1237 2235 1316 2284 ipse
1331 2235 1387 2272 lo-

250 2309 330 2344 eus,
362 2310 438 2336 non
457 2297 580 2335 solum
609 2309 738 2347 opere,
771 2296 839 2334 sed
866 2297 979 2335 etiam
999 2303 1147 2343 natura,
1174 2296 1312 2344 editus,
1339 2296 1387 2334 ad
1420 2317 1424 2322 ·
