1472 2664
257 251 332 287 ⁶214·
692 248 740 285 A.
777 245 955 284 HIRTII

251 358 354 388 totos
373 363 395 388 c
415 362 547 401 passus
566 350 604 387 in
622 349 754 387 horam
775 362 821 387 1v
839 357 939 388 esset
954 360 1190 400 progressus.
1210 348 1385 400 equitatu

248 424 332 458 suo,
359 420 514 462 propter
533 424 718 461 equorum
738 411 948 457 interitum,
967 417 1141 448 extremo
1160 409 1311 460 agmine
1326 421 1385 447 re-

248 479 366 517 moto,
386 472 558 522 legiones
571 472 732 510 invicem
747 472 796 510 ad
810 479 1024 509 extremum
1037 483 1174 521 agmen
1187 470 1385 508 evocabat.

248 531 310 570 Ita
327 532 402 569 vim
417 532 597 578 hostium,
617 532 765 582 placide
781 532 993 583 leniterque
1006 530 1233 582 procedens,
1253 543 1320 581 per
1332 530 1386 567 lc-

248 593 461 643 gionarium
481 593 638 630 militem
662 593 898 631 commodius
934 593 1158 630 sustinebat.
1228 591 1387 628 Interim

249 653 422 703 equitum
451 653 702 691 Numidarum
737 654 869 704 copiae
896 654 1034 692 dextra
1061 654 1288 705 sinistraque
1319 665 1388 704 per

250 714 368 751 colles
400 727 661 764 praecurrere,
698 728 938 766 coronaeque
974 715 1012 752 in
1048 715 1202 753 modum
1232 714 1389 765 cingere

250 775 494 812 multitudine
525 787 593 812 sua
625 775 797 813 Caesaris
825 776 967 826 copias,
995 789 1082 827 pars
1100 788 1238 827 agmen
1261 783 1392 814 extre—

250 848 353 872 mum
374 835 545 886 insequi:
576 836 748 874 Caesaris
768 844 894 874 autem
922 850 999 874 non
1027 837 1187 887 amplius
1220 844 1297 873 tres
1326 843 1394 873 aut

252 903 416 946 quatuor
434 897 572 934 milites
600 896 768 934 veterani
791 898 822 934 si
852 910 892 934 se
922 898 1214 943 convertissent,
1245 904 1286 934 et
1316 896 1393 947 pila

252 956 394 993 viribus
410 963 585 994 contorta
600 957 638 994 in
654 957 838 995 Numidas
857 957 1015 996 infestos
1029 958 1298 1007 conjecissent,
1312 969 1391 994 am-

252 1016 351 1067 plius
370 1017 486 1054 duum
501 1017 663 1055 millium
680 1031 839 1056 numero
857 1019 905 1056 ad
919 1032 1033 1056 unum
1049 1026 1158 1069 terga
1170 1019 1393 1062 vertebant3

254 1090 299 1114 ac
320 1091 447 1115 rursus
474 1078 522 1116 ad
540 1079 660 1116 aciem
681 1078 834 1129 passim,
864 1079 1056 1117 conversis
1075 1079 1197 1129 equis,
1229 1092 1269 1116 se
1289 1079 1394 1116 colli-

253 1138 409 1188 gebant,
443 1146 558 1189 atque
576 1139 612 1175 in
633 1139 756 1190 spatio
776 1140 1123 1189 consequebantur,
1154 1146 1192 1176 et
1207 1138 1336 1189 jacula
1355 1139 1394 1176 in

252 1200 481 1250 legionarios
498 1200 765 1250 conjiciebant.
810 1200 871 1238 lta
885 1201 1040 1246 Caesar,
1054 1199 1168 1238 modo
1183 1200 1394 1251 proceden-

256 1260 319 1306 do,
340 1260 453 1298 modo
472 1261 698 1307 resistendo,
727 1261 869 1299 tardius
888 1261 1023 1300 itinere
1043 1261 1235 1307 confecto,
1271 1262 1395 1298 noctis

256 1320 351 1357 liora
370 1321 491 1370 prima
509 1334 640 1359 omnes
658 1335 745 1359 suos
764 1322 812 1359 ad
832 1335 946 1359 unum
967 1322 1004 1359 in
1025 1321 1158 1359 eastris
1173 1320 1397 1368 incolumes,

256 1381 394 1418 sauciis
412 1395 437 1419 x
457 1382 582 1428 factis,
602 1382 767 1420 reduxit.
806 1383 1012 1429 Labienus,
1030 1383 1183 1420 circiter
1197 1394 1270 1420 ccc
1286 1382 1395 1420 amis-

254 1442 318 1487 sis,
337 1441 465 1479 multis
483 1443 702 1489 vulneratis,
734 1456 779 1481 ac
813 1443 972 1481 defessis
998 1443 1174 1482 instando
1207 1444 1396 1491 omnibus,

255 1503 303 1539 ad
330 1515 418 1540 suos
438 1516 478 1540 se
498 1504 656 1554 recepit.
711 1503 840 1555 Scipio
867 1504 1020 1546 interim
1039 1505 1211 1555 legiones
1230 1504 1395 1555 produc—

237 1568 240 1574 “
257 1572 315 1601 tas
330 1577 416 1601 cum
436 1564 664 1615 elephantis,
696 1578 790 1615 quos
809 1572 897 1603 ante
923 1573 1048 1603 castra
1066 1565 1105 1603 in
1123 1565 1220 1611 acie,
1243 1566 1398 1604 terroris

256 1625 392 1674 gratia,
412 1624 451 1661 in
471 1633 682 1676 conspectu
701 1626 874 1664 Caesaris
894 1626 1164 1673 collocaverat,
1189 1626 1341 1665 reducit
1359 1627 1398 1664 in

259 1694 397 1723 castra.

310 1746 456 1784 LXXI.
510 1747 652 1785 Caesar
683 1755 817 1786 contra
843 1748 1030 1798 ejusmodi
1058 1748 1225 1786 hostium
1257 1761 1401 1799 genera

259 1808 388 1858 copias
406 1820 506 1853 suas,
536 1821 611 1846 non
646 1815 687 1845 ut
707 1807 913 1859 imperator
931 1809 1145 1846 exercitum
1175 1815 1399 1847 veteranum

258 1869 520 1919 victoremque
539 1869 714 1906 maximis
734 1869 846 1907 rebus
864 1869 997 1918 gestiS,
1016 1870 1085 1907 sed
1100 1877 1142 1907 ut
1157 1869 1296 1908 lanista
1309 1870 1402 1908 tiro-

259 1943 328 1968 nes
346 1930 590 1981 gladiatores,
623 1929 942 1968 condocefacere:
962 1943 1037 1981 quo
1057 1930 1156 1981 pede
1180 1943 1221 1968 se
1253 1931 1403 1983 recipe-

260 1998 346 2027 rent
365 1991 411 2028 ab
431 1990 555 2036 hoste,
575 1998 614 2028 et
633 1990 953 2041 quemadmodum
984 1991 1134 2029 obversi
1166 1992 1404 2037 adversariis,

261 2058 301 2087 et
328 2051 366 2087 in
403 2051 588 2101 quantulo
620 2051 756 2102 spatio,
788 2051 1030 2095 resisterent;
1059 2052 1173 2090 modo
1201 2065 1403 2103 procurre-

261 2118 362 2155 rent,
388 2111 502 2148 modo
517 2112 755 2158 recederent,
775 2112 1175 2164 comminarenturque
1189 2113 1374 2163 impetum
1389 2129 1400 2158 3

263 2184 308 2209 ac
327 2184 446 2222 prope
469 2185 544 2222 quo
564 2172 665 2218 loct),
697 2180 736 2210 et
755 2173 1075 2223 quemadmodum
1094 2173 1171 2210 tela
1188 2173 1402 2219 mitterent,

262 2232 460 2283 praecipit.
518 2232 680 2270 Mirifice
699 2233 800 2270 enim
818 2232 985 2270 hostium
1005 2233 1098 2270 levis
1125 2240 1317 2272 armatura
1334 2245 1402 2270 an-

262 2293 368 2331 xium
388 2292 601 2331 exercitum
627 2300 798 2331 nostrum
829 2300 943 2344 atque
971 2293 1176 2332 sollicitum
1213 2293 1401 2331 habebat:
