1472 2664
266 260 336 297 190
699 260 750 296 A.
789 259 968 298 HIRTu

261 360 341 398 cios
360 360 582 411 imperabat,
603 373 700 412 quae
714 362 796 400 fieri
814 363 989 400 volebat:
1017 361 1344 400 animadvertebat
1361 375 1401 401 e-

260 421 354 465 nIm,
385 434 599 472 quanquam
620 423 766 472 magnis
786 431 913 461 essent
940 424 1059 473 copiis
1077 423 1282 461 adversarii
1299 422 1403 469 freti,

261 490 389 518 tamen
419 494 534 533 saepe
565 496 587 519 a
614 495 653 520 se
679 483 832 533 fugatis,
864 485 994 535 pulsis,
1024 484 1326 534 perterritisque,
1365 492 1405 522 et

261 555 483 580 concessam
514 544 629 580 vitam
662 551 702 581 et
734 544 866 594 ignota
896 552 1078 595 peccata;
1119 544 1255 594 quibus
1288 545 1402 581 rebus

259 615 454 653 nunquam
479 611 585 641 tanta
617 612 839 654 suppeteret
864 616 914 642 ex
945 605 1111 655 ipsorum
1142 604 1281 642 inertia
1311 617 1403 642 con-

259 664 496 714 scientiaque
515 665 628 701 animi
650 665 829 702 victoriae
849 665 1002 711 fiducia,
1021 672 1064 702 ut
1083 673 1207 702 castra
1225 677 1293 702 sua
1312 665 1405 703 ado-

258 724 325 760 riri
343 723 541 761 auderent.
586 724 790 762 Praeterea
811 726 925 776 ipsius
946 740 1083 764 nomen
1104 725 1404 776 auctoritasque,

260 796 399 834 magna
431 797 480 821 ex
511 792 635 835 parte,
668 798 799 822 eorum
831 787 1026 823 exercitus
1058 787 1254 824 minuebat
1286 786 1403 824 auda-

259 846 382 883 ciam:
412 853 492 883 tum
523 846 700 896 egregiae
729 847 961 884 munitiones
989 855 1216 893 castrorum,
1248 853 1288 884 et
1315 847 1403 884 valli

259 907 521 958 fossarumque
541 907 718 953 altitudo,
744 915 783 945 et
803 915 913 944 extra
932 908 1071 945 vallum
1091 908 1165 945 stili
1186 907 1305 954 caeci,
1332 907 1403 944 mi·

258 968 415 1006 rabilem
437 968 473 1004 in
494 968 648 1005 modum
678 967 829 1014 consiti,
857 969 917 1005 vel
937 968 1018 1005 sine
1037 968 1302 1006 defensoribus
1322 967 1406 1006 adi-

258 1037 338 1066 tum
358 1029 581 1066 adversariis
608 1029 885 1079 prohibebant:
913 1030 1172 1080 scorpionum,
1192 1029 1404 1080 catapulta-

257 1103 356 1135 rum,
386 1098 678 1140 ceterorumque
706 1090 885 1136 telorum,
918 1103 1015 1141 quae
1041 1090 1091 1127 ad
1120 1089 1405 1127 defendendum

258 1154 383 1190 solent
402 1154 540 1204 parari,
568 1166 746 1203 magnam
766 1154 915 1204 copiam
934 1154 1113 1191 habebat.
1160 1154 1292 1204 Atque
1306 1153 1406 1190 haec

256 1223 414 1266 propter
433 1214 627 1252 exercitus
645 1215 703 1251 sui
723 1214 933 1265 praesentis
965 1215 1197 1265 paucitatem
1217 1222 1256 1251 et
1274 1213 1403 1251 tiroci-

257 1276 363 1313 nium
383 1283 697 1326 praeparaverat:
723 1289 800 1313 non
819 1276 985 1313 hostium
1002 1276 1037 1312 vi
1057 1282 1096 1312 et
1114 1282 1221 1312 metu
1236 1286 1405 1311 commo-

258 1345 321 1373 tus
350 1337 558 1387 patientem
580 1349 620 1373 se
640 1337 892 1387 timidumque
915 1337 1080 1374 hostium
1100 1335 1270 1386 opinioni
1297 1347 1405 1387 prae-

257 1398 397 1434 bebat:
432 1410 556 1448 neque
586 1397 729 1434 idcirco
759 1397 902 1447 copias,
935 1409 1152 1448 quanquam
1180 1403 1288 1433 erant
1312 1408 1406 1446 pau-

259 1471 342 1503 cae,
362 1459 620 1508 tironumque,
640 1471 717 1495 non
738 1458 929 1496 educebat
948 1459 986 1494 in
1005 1458 1141 1502 aciem,
1161 1457 1265 1507 quod
1283 1456 1403 1494 victo-

258 1519 338 1556 riae
358 1532 512 1556 suorum
532 1518 732 1556 diffideret.
787 1519 865 1556 Sed
884 1519 1027 1557 refer-re
1047 1518 1317 1563 arbitrabatur,
1337 1530 1403 1554 cu·

253 1579 422 1628 jusmodi
441 1579 601 1616 victoria
620 1587 721 1617 esset
739 1579 887 1617 sutura:
927 1587 1037 1630 turpe
1058 1578 1159 1616 enim
1178 1577 1249 1615 sibi
1269 1576 1401 1614 existi-

258 1640 403 1684 mabat,
433 1647 492 1677 tot
511 1641 625 1677 rebus
644 1641 775 1691 gestiS,
807 1641 997 1691 tantisque
1018 1639 1252 1678 exercitibus
1275 1637 1406 1676 devic-

255 1701 318 1747 tis,
351 1709 409 1738 tot
441 1709 517 1738 tam
539 1701 650 1739 claris
678 1701 845 1739 victoriis
874 1703 1006 1752 partis,
1036 1700 1083 1738 ab
1103 1699 1257 1750 reliquis
1285 1699 1405 1750 copiis

256 1761 556 1799 adversariorum
576 1775 744 1808 suorum,
764 1775 813 1799 ex
833 1762 925 1811 fuga
942 1762 1129 1807 collectis,
1148 1774 1189 1799 se
1204 1768 1404 1798 cruentam

256 1821 436 1870 adeptum
469 1821 680 1859 existimari
712 1822 923 1859 victoriam.
985 1822 1122 1872 ltaque
1151 1822 1404 1860 constituerat

256 1882 415 1931 gloriam
435 1882 791 1933 exultationemque
805 1895 936 1920 eorum
957 1883 1050 1934 pati,
1071 1883 1195 1920 donec
1211 1883 1280 1920 sibi
1300 1890 1405 1920 vete-

258 1954 435 1979 ranarum
455 1943 649 1993 legionum
677 1956 765 1994 pars
785 1943 911 1994 aliqua
930 1944 967 1981 in
994 1944 1165 1982 secundo
1186 1950 1404 1981 commeatu

258 2005 500 2041 occurrisset.

310 2064 478 2101 XXXII.
533 2065 662 2116 Scipio
689 2066 853 2112 interim,
882 2066 1103 2117 paullisper,
1131 2073 1173 2104 ut
1191 2073 1281 2104 ante
1308 2065 1404 2113 dixi,

258 2125 294 2161 in
316 2136 361 2161 eo
376 2124 462 2162 loco
483 2134 755 2173 commoratus,
775 2136 817 2163 ut
838 2127 943 2177 quasi
960 2126 1178 2177 despexisse
1198 2125 1404 2163 Caesarem

257 2185 466 2231 videretur,
488 2186 682 2235 paullatim
702 2186 852 2224 reducit
870 2200 956 2224 suas
984 2187 1113 2237 copias
1134 2187 1170 2223 in
1191 2193 1329 2232 castra,
1348 2193 1402 2232 et,

258 2245 446 2282 concione
464 2246 662 2292 advocata,
696 2247 744 2284 dc
764 2255 910 2285 terrore
937 2261 1020 2293 suo,
1053 2246 1397 2297 desperationeque

231 2307 451 2356 Lexercitus
471 2307 659 2354 Caesaris,
690 2308 805 2346 verba
823 2307 938 2353 facim
970 2315 1024 2355 et,
1055 2308 1277 2346 cohortatus
1296 2318 1398 2352 suOS,
