1472 2664
496 223 659 262 LIBER
711 223 763 260 ΙΙ.
1150 227 1195 263 31

72 327 265 378 inopinato
283 326 382 364 malo
401 326 556 372 turbati,
576 327 732 363 deorum
753 326 806 362 ira
824 325 1000 375 perculsi,
1020 326 1123 363 urbis
1143 326 1198 363 di-

70 388 242 438 reptione
261 386 463 437 perterriti,
483 387 645 424 inermes
665 399 751 423 cum
771 385 896 422 infulis
915 399 996 423 sese
1016 395 1124 436 porta
1140 387 1199 424 fo-

70 460 130 484 ras
151 447 311 485 universi
342 447 577 497 proripiunt;
610 447 657 484 ad
676 447 821 495 legatos
840 453 954 496 atque
986 447 1198 484 exercitum

69 507 257 558 supplices
275 520 407 545 manus
424 507 598 544 tendunt.
652 508 738 548 Qua
752 518 848 543 nova
867 519 905 542 re
921 507 1060 551 oblata,
1080 508 1200 545 omnis

69 568 342 605 administratio
356 568 444 605 belli
463 567 655 610 consistit;
674 567 901 616 militesque,
920 566 1040 603 aversi
1054 579 1075 603 a
1090 580 1200 617 proe-

67 627 133 673 lio,
148 628 196 665 ad
209 624 374 666 studium
387 628 564 666 audiendi
583 635 622 665 et
638 627 893 677 cognoscendi
908 626 1093 664 feruntur.
1123 627 1199 665 Ubi

67 688 197 726 hostes
216 689 264 726 ad
292 689 438 739 legatos
457 688 745 738 exercitumque
765 694 1018 737 pervenerunt
1038 687 1201 724 universi

59 761 101 786 se
128 750 176 786 ad
201 750 318 799 pedes
351 749 579 800 projiciunt:
608 756 730 793 orant,
758 755 799 784 ut
818 747 1001 784 adventus
1029 748 1201 785 Caesaris

65 816 334 859 exspectetur:
363 817 511 860 captam
531 822 636 846 suam
656 809 788 845 urbem
807 808 950 853 videre,
979 821 1094 857 opera
1113 820 1199 858 per-

65 869 180 914 fecta,
208 877 350 907 turrem
369 871 562 907 subrutam
579 884 588 912 ;
615 869 741 918 itaque
761 881 782 905 a
801 868 1021 905 defensione
1042 869 1201 905 desiste-

67 942 134 966 re:
167 929 308 966 nullam
327 930 467 966 exoriri
495 942 638 967 moram
670 941 794 979 posse,
824 941 899 978 quo
918 928 1055 973 minus,
1085 942 1202 978 quum

68 990 246 1035 venisset,
265 990 294 1026 si
315 990 498 1040 imperata
516 1002 590 1026 non
612 989 797 1033 facerent,
825 989 872 1025 ad
892 995 1026 1025 nutum
1047 1002 1067 1026 e
1086 989 1199 1026 vesti-

66 1050 131 1100 gio
150 1050 415 1100 diriperentur.
468 1050 636 1094 Docent,
656 1050 685 1086 si
706 1049 858 1086 omnino
879 1048 992 1085 turris
1012 1049 1201 1085 concidis-

66 1118 140 1155 set,
167 1123 242 1147 non
262 1123 371 1160 posse
390 1110 527 1146 milites
555 1109 754 1154 contineri,
785 1108 874 1158 quin
895 1122 961 1158 spe
982 1109 1143 1157 praedae
1164 1110 1202 1145 in

64 1171 197 1208 urbem
218 1170 482 1220 irrumperent,
502 1171 710 1220 urbemque
730 1169 912 1206 delerent.
959 1169 1069 1206 Haec
1088 1177 1204 1219 atque

63 1229 234 1279 ejusdem
268 1229 418 1280 generis
448 1230 656 1280 complura,
689 1236 731 1266 ut
750 1230 796 1266 ab
829 1230 1043 1266 hominibus
1064 1230 1201 1276 doctis,

64 1301 203 1339 magna
223 1303 309 1327 cum
330 1289 590 1327 misericordia
608 1290 777 1339 fletuque
797 1290 1109 1339 pronunciantur.

118 1349 230 1387 XIII,
285 1350 433 1392 Quibus
465 1350 577 1387 rebus
607 1350 800 1394 commoti,
838 1350 952 1399 legati
984 1350 1123 1388 milites
1153 1364 1203 1389 ex

63 1422 179 1460 opere
217 1409 426 1455 deducunt,
466 1410 750 1460 oppugnatione
787 1410 987 1455 desistunt,
1025 1411 1202 1461 operibus

65 1469 256 1507 custodias
294 1469 524 1520 relinquunt.
578 1470 822 1507 Induciarum
861 1471 1024 1519 quodam
1058 1484 1199 1520 genere

62 1530 323 1568 misericordia
358 1530 475 1576 facto,
508 1530 693 1567 adventus
730 1531 902 1567 Caesaris
939 1539 1200 1580 exspectatur.

64 1591 224 1628 Nullum
243 1604 292 1629 ex
311 1605 432 1637 muro,
453 1591 596 1628 nullum
615 1604 638 1628 a
656 1591 793 1628 nostris
813 1591 974 1628 mittitur
994 1591 1132 1628 telum:
1160 1600 1203 1629 ut

64 1665 106 1690 re
126 1652 317 1696 confecta,
350 1664 480 1688 omnes
514 1664 643 1688 curam
663 1659 703 1688 et
722 1651 958 1700 diligentiam
979 1652 1202 1690 remittunt:

65 1713 207 1750 Caesar
226 1712 325 1749 enim
345 1725 412 1762 per
432 1712 559 1749 literas
579 1712 770 1749 Trebonio
790 1725 1023 1763 magnopere
1043 1714 1201 1751 manda-

62 1780 183 1817 verat,
217 1785 264 1809 ne
283 1785 351 1822 per
370 1772 443 1808 vim
464 1772 645 1821 oppidum
665 1773 877 1822 expugnari
909 1780 1126 1823 pateretur;
1154 1787 1202 1811 ne

62 1832 213 1882 gravius
239 1833 402 1882 permoti
420 1832 573 1877 milites,
605 1840 644 1869 et
663 1832 890 1870 defectionis
910 1834 1013 1879 odio,
1042 1841 1080 1871 et
1108 1847 1199 1871 con-

62 1891 245 1928 temtione
266 1892 336 1937 sui,
365 1899 404 1929 ct
423 1892 570 1928 diutino
589 1892 732 1936 labore,
753 1905 883 1930 omnes
904 1894 1067 1943 puberes
1087 1893 1202 1931 intere

61 1950 233 1995 flectent,
254 1951 355 2000 quod
376 1965 415 1988 se
430 1952 596 1989 facturos
611 1952 870 1989 minabantur:
899 1965 1090 2004 aegreque
1109 1961 1202 1992 tunc

61 2018 150 2048 sunt
170 2012 322 2056 retenti,
343 2012 431 2061 quin
452 2012 632 2062 oppidum
653 2012 930 2062 irrumperent;
958 2014 1200 2064 graviterque

61 2080 243 2109 eam²rem
263 2073 447 2117 tulerunt,
468 2073 568 2123 quod
588 2073 738 2110 stetisse
758 2087 825 2124 per
845 2074 1093 2120 Trebonium,
1122 2088 1202 2125 quo

61 2130 186 2168 minus
205 2132 344 2181 oppido
364 2133 590 2181 potirentur,
612 2133 820 2171 videbatur.

113 2190 219 2227 XIV.
276 2193 328 2229 At
349 2192 477 2229 hostes
510 2193 590 2230 sine
610 2193 684 2230 fide
705 2202 856 2244 tempus
881 2202 996 2246 atque
1030 2195 1199 2233 occasio-

60 2263 146 2290 nem
165 2251 308 2289 fraudis
327 2265 372 2290 ae
391 2252 467 2290 doli
496 2261 710 2303 quaerunt:
748 2254 1035 2306 interjectisque
1053 2254 1201 2306 aliquot
