1472 2664
301 219 377 259 DE
404 219 582 258 BELLO
610 220 786 259 AFRIC.
813 219 990 258 LIBER.
1144 224 1218 263 197

85 336 148 362 em
171 322 334 360 mediam
353 336 399 360 eo
418 323 559 373 oppido
591 323 711 361 texit:
753 323 931 361 dextrum
950 322 1218 374 sinistrumque

86 397 221 429 cornu,
248 384 313 421 ubi
338 383 531 434 elephanti
550 392 671 431 erant,
705 384 743 420 in
763 391 972 435 conspectu
989 385 1136 434 patenti
1155 384 1219 421 ad-

85 444 336 482 versariorum
355 444 566 482 constituit.

137 503 265 541 XLII.
331 505 457 547 Quiun
485 506 564 554 jam
599 518 718 555 prope
750 504 838 542 solis
869 517 1047 542 occasum
1080 505 1220 543 Caesar

84 565 398 615 exspectavisset,
426 577 551 615 neque
579 578 629 602 ex
661 577 707 602 eo
736 565 837 610 loco,
871 577 946 615 quo
979 565 1220 610 constiterat,

90 625 308 675 Scipionem
327 625 507 675 progredi
527 624 680 675 propius
699 637 740 662 se
759 625 1098 672 animadvertisset,
1117 626 1220 663 loco-

88 697 162 736 que
189 685 310 735 magis
328 697 369 722 se
400 685 620 731 defendere,
648 685 678 722 si
710 698 770 723 res
802 685 1004 735 co'e‘gisset,
1041 699 1154 736 quam
1183 686 1222 723 in

87 758 224 797 campo
243 745 456 784 comminus
476 745 699 791 consistere,
718 746 884 789 audere;
903 759 979 784 non
995 755 1053 784 est
1067 747 1145 785 visa
1163 760 1222 785 ra·

86 806 141 843 tio
168 806 324 857 propius
352 805 564 843 accedendi
583 818 629 842 eo
649 805 711 843 die
729 806 777 843 ad
796 806 999 856 oppidum;
1045 808 1223 858 quoniam

86 866 139 903 ibi
157 865 386 916 praesidium
406 865 550 916 grande
584 865 834 903 Numidarum
864 878 946 903 esse
976 874 1222 916 cognoverat,

86 927 292 977 hostesque
321 926 483 964 mediam
503 925 622 963 aciem
651 938 755 963 suam
776 926 916 976 oppido
944 927 1109 970 texisse;
1135 928 1224 965 sibi·

87 1000 163 1037 que
182 986 331 1025 difficile
362 986 467 1024 factu
499 999 582 1024 esse
600 986 803 1032 intellexit,
829 987 940 1024 simul
971 994 1010 1024 et
1041 988 1224 1038 oppidum

88 1060 164 1085 uno
190 1054 362 1099 tempore
394 1059 628 1098 oppugnare,
656 1054 696 1084 et
714 1047 753 1084 in
771 1048 854 1084 acie
873 1047 911 1084 in
931 1060 1051 1085 cornu
1070 1049 1222 1096 dextro,

87 1120 134 1145 ac
166 1108 332 1154 sinistro,
361 1120 411 1145 ex
441 1107 628 1158 iniquiore
658 1107 746 1144 loco
776 1119 961 1157 pugnare,
1002 1109 1225 1158 praesertim

88 1229 299 1280 defatigati.
335 1230 485 1280 Itaque,
504 1228 672 1266 reductis
691 1228 766 1266 suis
786 1228 906 1279 copiis
924 1229 962 1266 in
983 1237 1119 1277 castra,
1138 1244 1225 1281 pos-

88 1297 172 1328 tero
202 1290 263 1328 die
292 1290 447 1341 propius
477 1303 609 1327 eorum
638 1289 759 1326 aciem
788 1290 953 1327 instituit
977 1291 1224 1343 exporrigere

87 1351 333 1390 munitiones,

141 1412 288 1450 XLIII.
340 1412 499 1449 Interim
518 1411 734 1457 Considius,
763 1411 827 1462 qui
855 1411 1046 1449 Achillam
1067 1425 1128 1450 ux
1162 1427 1225 1451 co-

88 1472 262 1510 hortibus
281 1472 546 1523 stipendiariis‚
580 1472 754 1510 Numidis
782 1472 1046 1524 Gaetulisque,
1076 1475 1225 1513 obside-

89 1534 168 1579 bat,
187 1533 253 1570 ubi
273 1534 317 1572 C.
336 1534 502 1571 Messius
522 1533 742 1571 cohortibus
756 1541 944 1584 praeerat,
963 1535 1029 1572 diu
1047 1536 1226 1574 multum-

89 1608 164 1645 que
183 1602 379 1646 expertus,
406 1595 629 1645 magnisque
648 1595 825 1645 operibus
843 1608 958 1645 saepe
977 1596 1152 1643 admotis,
1186 1605 1226 1635 et

89 1656 135 1692 iis
153 1655 201 1693 ab
221 1655 419 1706 oppidanis
438 1655 616 1701 incensis,
636 1668 752 1705 quum
772 1656 977 1705 proficeret
995 1657 1103 1703 nihil,
1139 1659 1226 1695 sub-

91 1717 145 1754 ito
163 1717 304 1754 nuncio
323 1716 371 1753 de
390 1716 556 1766 equestri
587 1716 731 1766 proelio
760 1716 874 1753 allato
895 1725 1121 1764 commotus,
1148 1718 1228 1757 fru-

92 1785 237 1823 mento,
266 1778 375 1827 cujus
403 1776 441 1813 in
472 1777 606 1814 castris
637 1776 785 1827 copiam
814 1777 1014 1823 habuerat,
1051 1779 1229 1824 incenso;

92 1838 194 1883 vino,
222 1838 321 1882 oleo,
348 1838 563 1888 ceterisque
582 1838 709 1883 rebus,
737 1850 834 1888 quae
864 1838 913 1876 ad
943 1839 1085 1876 victum
1105 1841 1229 1890 parari

92 1899 231 1944 solent,
272 1898 474 1949 corruptis,
501 1898 707 1945 Achillam,
736 1911 849 1949 quarn
882 1899 1093 1946 obsidebat,
1121 1900 1229 1939 dese-

93 1959 193 1997 ruit:
221 1966 350 2009 atque,
378 1959 514 1996 itinere
546 1971 614 2009 per
633 1972 790 2009 regnum
811 1959 935 1997 Jubae
953 1959 1071 2006 facto,
1100 1961 1228 2011 copias

95 2033 182 2058 cum
204 2020 382 2071 Scipione
400 2020 573 2070 partituS,
603 2020 858 2058 Adrumetum
878 2033 918 2057 se
946 2021 1103 2072 recepit.

147 2081 290 2119 XLIV.
350 2080 504 2118 Interea
522 2094 570 2118 ex
603 2081 772 2118 secundo
805 2088 1034 2127 commeatu,
1067 2095 1180 2133 quern
1210 2097 1232 2121 a

96 2142 226 2180 Sicilia
243 2141 394 2179 miserat
416 2142 604 2187 Allienus,
632 2142 737 2179 navis
756 2155 844 2187 una,
872 2143 909 2178 in
943 2155 1017 2192 qua
1037 2142 1163 2180 fuerat
1183 2144 1230 2186 Q.

96 2202 305 2247 Cominius,
325 2210 364 2239 et
384 2202 428 2239 L.
448 2203 596 2248 Ticida,
623 2215 742 2253 eques
764 2203 972 2249 Romanus,
1000 2204 1047 2241 ab
1080 2204 1232 2242 residua

95 2262 214 2302 classe
250 2276 366 2314 quum
403 2263 617 2310 erravisset,
658 2264 859 2314 delataque
896 2271 997 2302 esset
1032 2271 1147 2302 vento
1183 2265 1230 2303 ad
