1472 2664
214 223 258 258 18
540 219 614 256 DE
656 220 835 257 BELLO
879 220 1047 258 CIVILI

210 321 304 359 locis
324 322 599 372 campestribus
614 324 894 361 subsistebant:
918 324 955 363 si
967 335 1076 360 mons
1091 329 1174 360 erat
1193 323 1351 362 adscen-

210 383 372 429 dendus,
406 382 518 421 facile
537 384 619 434 ipsa
649 384 724 421 loci
743 392 879 422 natura
896 384 1110 434 periculum
1128 384 1352 434 repellebat,

209 444 312 494 quod
332 458 379 481 ex
401 444 495 482 locis
515 444 787 495 superioribus,
816 445 880 495 qui
907 452 1205 490 antecesserant,
1236 445 1350 482 desu-

208 516 277 554 per
295 517 384 541 suos
403 504 681 542 adscendentes
710 506 991 555 protegebant:
1021 518 1136 555 quum
1163 505 1268 542 vallis
1288 512 1355 542 aut

209 564 316 602 locus
349 564 505 601 declivis
538 566 706 611 suberat,
736 578 861 617 neque
882 566 920 612 ii,
955 566 1018 616 qui
1049 572 1351 611 antecesserant,

208 625 444 662 morantibus
464 638 575 675 opem
596 626 694 663 ferre
714 634 906 677 poterant,
926 627 1073 677 equites
1091 639 1182 663 vero
1198 638 1247 663 ex
1262 625 1351 663 loco

208 686 404 736 superiore
437 685 475 722 in
508 698 659 723 aversos
687 688 764 724 tela
777 680 1069 737 ⁷conjiciebant3
1098 695 1180 724 tum
1212 699 1352 737 magno

208 754 290 784 erat
309 746 347 782 in
366 746 537 796 periculo
557 760 629 784 res.
686 748 1003 798 Relinquebatur,
1032 755 1087 794 ut,
1116 760 1232 798 quum
1252 749 1352 797 ejus-

207 808 311 845 modi
346 807 441 845 locis
474 815 574 845 esset
610 809 970 859 appropinquatum,
1006 808 1203 858 legionum
1239 808 1349 857 signa

206 869 416 907 consistere
431 868 626 918 juberent,
655 882 872 919 magnoque
892 869 1038 919 impetu
1056 869 1266 919 equitatum
1294 881 1354 906 re·

206 930 418 981 pellerent;
446 942 492 966 eo
513 930 703 975 submoto,
729 937 889 980 repente
909 930 1058 967 incitati
1076 942 1190 968 cursu
1210 941 1292 967 sese
1315 928 1355 965 in

206 991 324 1028 valles
339 988 504 1027 universi
520 990 780 1036 demitterent,
800 999 928 1041 atque,
948 991 1002 1028 ita
1015 990 1256 1041 transgressi,
1272 1003 1355 1027 rur-

206 1065 270 1089 sus
290 1051 329 1088 in
343 1051 437 1089 locis
456 1052 714 1102 superioribus
734 1052 1001 1090 consisterent.
1029 1065 1117 1090 nam
1136 1057 1286 1088 tantum
1307 1051 1355 1089 ab

207 1112 381 1162 equitum
412 1124 566 1148 suorum
585 1112 736 1150 auxiliis
764 1114 935 1157 aberant,
967 1125 1129 1163 quorum
1150 1125 1351 1149 numerum

205 1173 399 1209 habebant
427 1184 623 1221 magnum,
656 1179 698 1209 ut
725 1184 804 1217 cos,
838 1173 1098 1222 superioribus
1130 1172 1354 1222 perterritos

204 1233 373 1284 proeliis,
402 1232 440 1268 in
466 1232 634 1269 medium
663 1233 881 1283 reciperent
908 1245 1060 1283 agmen,
1089 1233 1266 1282 ultroque
1287 1245 1353 1270 eos

205 1301 429 1331 tuerentur:
459 1305 617 1342 quorum
639 1293 733 1329 nulli
753 1306 802 1330 ex
823 1294 959 1331 itinere
977 1293 1169 1331 excedere
1197 1293 1353 1339 licebat,

204 1354 296 1404 quin
315 1354 362 1390 ab
383 1353 556 1403 equitatu
576 1353 749 1391 Caesaris
769 1354 1052 1404 exciperentur.

256 1414 421 1451 LXXX.
476 1414 559 1450 Tali
592 1414 682 1451 dum
715 1422 906 1464 pugnatur
934 1416 1061 1460 modo,
1099 1415 1202 1452 lente
1235 1422 1352 1466 atque

205 1475 403 1526 paullatim
422 1475 659 1527 proceditur,
687 1476 912 1526 crebroque,
941 1484 983 1513 ut
1002 1476 1078 1513 sint
1096 1476 1239 1513 auxilio
1259 1477 1351 1523 suis,

208 1537 435 1580 subsiStunt3
456 1544 498 1574 ut
516 1544 599 1573 tum
619 1537 772 1573 accidit.
811 1536 936 1574 Millia
956 1533 1057 1574 enim
1077 1537 1270 1587 progressi
1290 1549 1351 1583 1v,

207 1598 551 1648 vehementiusque
579 1598 783 1647 peragitati
801 1599 847 1635 ab
876 1599 1064 1648 equitatu,
1097 1607 1267 1639 montem
1287 1612 1354 1638 ex-

207 1659 352 1697 celsum
372 1659 551 1708 capiunt:
572 1658 700 1708 ibique
721 1672 795 1696 una
810 1659 934 1696 fronte
951 1667 1085 1697 contra
1103 1660 1252 1699 hostem
1273 1674 1354 1698 cas-

207 1727 266 1757 tra
284 1719 475 1764 muniunt,
509 1731 634 1768 neque
661 1719 845 1768 jumentis
872 1732 989 1756 onera
1008 1720 1220 1770 deponunt.
1275 1722 1353 1760 Ubi

208 1780 383 1818 Caesaris
403 1788 527 1818 castra
545 1779 683 1830 posita,
718 1780 1040 1831 tabernaculaque
1060 1782 1284 1828 constituta,
1316 1790 1355 1820 et

209 1841 384 1878 dimissos
410 1842 558 1891 equites
577 1840 783 1891 pabulandi
803 1853 949 1886 caussa,
977 1841 1355 1886 animadverterunt;

207 1915 290 1939 sese
321 1902 447 1939 subito
467 1901 694 1952 proripiunt,
714 1901 808 1937 hora
827 1900 980 1938 circiter
1000 1913 1044 1938 vt
1073 1902 1245 1951 ejusdem
1264 1904 1355 1949 diei,

206 1971 260 2009 et,
279 1977 385 2013 spem
401 1963 503 2000 nacti
521 1975 649 1999 morae
663 1961 832 1999 discessu
846 1969 1062 1999 nostrorum
1078 1963 1263 2013 equitum,
1279 1964 1354 2002 iter

206 2025 334 2062 facere
367 2024 568 2074 incipiunt.
623 2023 709 2064 Qua
739 2034 780 2058 re
811 2023 1084 2068 animadversa,
1118 2023 1260 2061 Caesar
1292 2037 1352 2061 re-

203 2085 308 2123 lictis
327 2085 543 2136 legionibus
563 2083 829 2133 subsequitum
857 2083 1047 2134 praesidio
1069 2084 1353 2134 impedimentis

206 2159 349 2197 paucas
369 2146 549 2183 cohortes
569 2144 768 2194 relinquit;
795 2144 889 2181 hora
910 2158 934 2180 x
955 2145 1134 2194 subsequi
1154 2145 1354 2195 pabulato-

208 2219 283 2252 res,
304 2207 529 2257 equitesque
549 2205 735 2250 revocari,
766 2205 888 2254 jubet.
944 2205 1132 2242 Celeriter
1160 2205 1353 2254 equitatus

209 2267 258 2305 ad
278 2267 542 2318 quotidianum
557 2265 702 2305 itineris
718 2265 883 2304 officium
903 2265 1119 2304 revertitur.
1153 2265 1354 2317 Pugnatur
