1472 2664
521 290 685 327 LIBER
738 289 813 326 111.
1178 293 1230 329 85

91 393 247 443 egressi,
276 392 533 443 compluribus
551 392 776 438 interfectis,
797 403 880 429 sese
907 391 956 429 ad
972 404 1060 429 suos
1078 392 1226 430 incolu-

91 466 171 491 mes
202 453 442 504 receperunt.

139 514 249 551 LIII.
314 514 375 552 Ita
393 527 468 552 uno
488 514 549 552 die
582 526 627 552 vr
647 514 802 565 proeliis
820 514 944 559 factis,
974 526 1026 551 111
1046 515 1095 552 ad
1124 514 1227 566 Dyr-

88 573 302 620 rhachium,
331 587 382 611 111
402 575 451 612 ad
471 575 714 620 munitiones,
747 588 864 625 quum
890 575 1024 612 horum
1056 575 1225 612 omnium

87 635 182 671 ratio
201 635 418 681 haberetur,
438 636 486 672 ad
506 636 668 673 duorum
687 635 847 690 millium
866 649 1026 673 numero
1044 648 1094 672 ex
1112 635 1227 673 Pom-

85 694 231 744 peianis
245 696 431 734 cecidisse
446 697 743 747 reperiebamus,
763 703 943 733 evocatos
960 697 1226 734 centuriones-

87 767 161 804 que
180 757 409 807 complures.
463 758 509 795 In
529 771 575 795 eo
594 757 665 794 fuit
685 770 845 794 numero
873 756 1046 794 Valerius
1065 757 1226 795 Flaccus

87 815 133 852 L.
153 815 264 863 filius,
283 820 380 867 ejus,
409 819 473 868 qui
493 826 647 869 praetor
675 818 804 855 Asiam
826 818 1067 855 obtinuerat:
1098 819 1225 868 signa-

88 889 162 926 que
182 885 271 915 sunt
284 891 354 915 sex
370 879 546 916 militaria
565 879 695 916 relata.
752 878 882 915 Nostri
903 891 978 914 non
997 879 1157 929 amplius
1172 891 1227 917 xx

86 938 262 976 omnibus
277 947 364 976 sunt
384 939 539 989 proeliis
559 939 777 976 desiderati.
833 940 910 976 Sed
930 939 968 975 in
985 941 1142 978 castello
1160 953 1226 978 ne·

84 1010 147 1034 mo
165 998 238 1035 fuit
254 998 407 1036 omnino
427 999 603 1046 militum,
625 999 716 1050 quin
735 1000 1018 1043 vulneraretur;
1044 1009 1225 1050 quatuor-

85 1070 159 1108 que
179 1072 229 1096 ex
250 1072 324 1097 una
339 1061 498 1097 cohorte
515 1061 760 1098 centuriones
776 1060 907 1097 oculos
926 1061 1144 1098 amiserunt.
1171 1069 1226 1107 et,

85 1132 203 1168 quum
222 1120 361 1157 laboris
380 1121 437 1158 sui
459 1122 695 1172 periculique
715 1120 975 1158 testimonium
996 1120 1129 1158 afferre
1148 1122 1226 1160 vel-

83 1181 177 1226 lent,
207 1181 324 1219 mi-llia
341 1183 565 1232 sagittarum
587 1182 741 1219 circiter
759 1193 839 1218 xxx
860 1182 898 1218 in
919 1181 1117 1218 castellum
1134 1195 1226 1219 con-

79 1243 186 1290 jecta
205 1242 360 1280 Caesari
388 1250 749 1280 renumeraverunt:
780 1250 969 1292 scutoque
989 1242 1037 1279 ad
1057 1255 1144 1279 eum
1166 1255 1224 1280 re-

81 1303 158 1341 lato
181 1303 348 1342 Scaevae
381 1304 615 1342 centurionis
636 1304 790 1340 inventa
808 1311 896 1340 sunt
915 1304 952 1341 in
973 1316 1018 1340 eo
1038 1303 1225 1341 foramina

85 1375 230 1401 ccxxx.
289 1366 414 1407 Quem
440 1365 596 1410 Caesar,
625 1372 666 1401 ut
685 1372 770 1401 erat
789 1363 837 1401 de
855 1376 896 1400 se
916 1363 1087 1408 meritus,
1117 1371 1155 1400 et
1175 1364 1224 1402 de

84 1424 295 1475 republica,
327 1424 510 1462 donatum
530 1424 694 1461 millibus
714 1423 891 1460 ducentis
910 1422 1022 1467 aeris,
1050 1423 1098 1459 ab
1118 1432 1224 1461 octa-

81 1484 138 1521 vis
165 1485 362 1522 ordinibus
389 1485 437 1522 ad
461 1484 693 1536 primipiluin
725 1497 766 1521 se
785 1483 1035 1521 transducere
1054 1496 1223 1533 pronun-

82 1545 215 1587 ciavit;
235 1547 318 1595 ejus
331 1546 432 1583 enim
447 1557 564 1596 opera
579 1544 777 1582 castellum
793 1557 931 1594 magna
945 1556 994 1582 ex
1008 1551 1116 1593 parte
1132 1557 1224 1582 con-

83 1614 274 1644 servatum
293 1619 376 1644 esse
391 1607 608 1644 constabat:
629 1606 906 1656 cohortemque
925 1613 1057 1656 postea
1075 1606 1220 1656 duplici

82 1667 288 1718 stipendio,
306 1668 546 1706 frumentove
562 1675 601 1705 et
620 1667 814 1718 special-iis
833 1667 1135 1717 militaribusque
1155 1667 1222 1705 do-

81 1729 153 1775 nis,
173 1729 402 1780 amplissime
421 1730 588 1766 donavit.

130 1789 234 1826 LIV.
288 1789 507 1840 Pompeius,
527 1797 646 1827 noctu
665 1789 811 1839 magnis
837 1788 976 1826 additis
996 1788 1219 1826 munitioni·

80 1851 166 1895 bus,
196 1850 350 1900 reliquis
370 1851 505 1888 diebus
527 1862 649 1888 turres
670 1849 875 1894 exstruxit,
905 1858 957 1894 et,
988 1849 1025 1886 in
1053 1848 1222 1887 altitudi-

82 1923 169 1948 nem
201 1911 342 1961 pedum
371 1923 427 1948 xv
447 1911 593 1949 effectis
613 1911 805 1961 operibus,
834 1910 953 1947 vineis
972 1922 1055 1947 eam
1074 1918 1222 1960 partem

80 1979 291 2008 castrorum
312 1972 461 2009 obtexi-t
480 1988 489 2014 ;
516 1982 568 2017 et,
594 1986 618 2008 v
637 1971 860 2009 intermissis
880 1969 1028 2015 diebus,
1061 1970 1220 2007 alteram

82 2039 235 2069 noctem
267 2033 507 2070 subnubilam
527 2041 675 2077 nactus,
704 2031 908 2070 exstructis
936 2030 1110 2068 omnibus
1139 2043 1221 2068 cas-

81 2099 227 2130 trorum
248 2094 382 2143 portis,
403 2101 442 2131 et
457 2094 505 2131 ad
520 2093 803 2144 impediendum
823 2091 1000 2142 objectis,
1020 2092 1133 2128 tertia
1151 2092 1220 2128 ini-

81 2161 120 2190 ta
138 2154 278 2204 vigilia,
300 2155 452 2191 silentio
472 2155 686 2192 exercitum
706 2154 854 2200 eduxit,
874 2160 913 2190 et
932 2165 972 2190 se
988 2153 1026 2189 in
1045 2153 1219 2203 antiquas

81 2215 312 2252 munitiones
334 2216 491 2266 recepit.

131 2283 214 2320 LV.
270 2284 437 2329 Aetolia,
472 2286 702 2332 Acarnania,
739 2285 1002 2336 Amphilochis
1031 2298 1098 2335 per
1125 2285 1215 2322 Cas-

78 2342 176 2381 sium
198 2344 413 2397 Longinum
428 2353 467 2384 et
483 2346 689 2384 Calvisium
706 2346 901 2392 Sabinum,
923 2353 964 2384 ut
984 2346 1217 2384 demonstra-
