1472 2664
291 302 366 340 DE
394 301 572 340 BELLO
601 301 776 341 AFRIC.
803 302 979 341 LIBER.
1135 306 1203 342 211

74 412 166 453 tem,
195 404 299 456 quod
316 407 398 455 ejus
427 405 544 444 frater
576 405 723 445 Romae
754 406 955 457 pecuniam
982 406 1205 457 imperatam

71 474 350 513 numeraverat,
369 473 410 504 et
428 467 531 517 quod
541 467 622 518 ipse
640 480 746 506 suam
760 480 932 506 caussam
946 467 1100 505 Caesari
1119 479 1205 517 pro·

72 527 240 572 baverat,
259 539 314 573 se,
333 539 357 564 a
373 526 522 564 Nasidii
540 527 659 565 classe
678 535 846 578 captum,
865 540 983 577 quum
1005 526 1053 564 ad
1071 539 1206 564 necem

71 586 290 633 duceretur,
320 587 508 626 beneficio
529 588 618 627 Vari
647 601 730 626 esse
757 595 962 633 servatum,
988 594 1123 638 postea
1153 586 1207 623 fa·

71 647 255 685 cultatem
273 648 344 685 sibi
362 648 503 686 nullam
522 648 649 686 datam
666 648 902 695 transeundi,
930 647 1089 699 ignovit.

123 707 245 745 LXV.
299 708 370 746 Est
396 709 436 746 in
466 709 602 746 Africa
630 709 868 747 consuetudo
903 708 1126 754 incolarum,
1166 715 1209 745 ut

71 768 110 805 in
129 769 244 819 agris,
271 770 369 807 etin
397 770 572 808 omnibus
607 769 688 808 fere
707 770 818 816 villis,
851 770 920 807 sub
940 776 1042 807 terra
1072 781 1208 820 specus

71 829 264 867 condendi
275 829 456 868 frumenti
473 831 596 881 gratia
610 830 706 868 clam
722 830 902 876 habeant,
914 837 1029 880 atque
1041 829 1080 866 id
1093 842 1208 880 prop—

73 896 133 926 ter
161 889 262 927 bella
297 891 477 937 maxime,
512 891 754 941 hostiumque
789 890 957 928 subitum
988 889 1207 934 adventum,

72 958 312 1001 praeparent.
366 953 452 993 Qua
470 951 518 989 de
544 964 597 997 re,
618 951 772 997 Caesar,
791 951 932 989 certior
949 963 1018 1001 per
1045 950 1210 989 indicem

71 1010 210 1058 factus,
239 1012 352 1050 tertia
369 1012 497 1062 vigilia
526 1012 699 1062 legiones
718 1023 752 1049 11
772 1025 859 1049 cum
889 1012 1064 1062 equitatu
1094 1011 1211 1049 mittit

72 1071 121 1109 ab
141 1072 274 1110 castris
305 1073 382 1111 suis
406 1073 523 1110 millia
540 1085 717 1123 passuum
736 1086 786 1117 x;
813 1080 927 1123 atque
958 1072 1048 1110 inde
1071 1085 1211 1122 magno

72 1145 233 1172 numero
251 1133 432 1171 frumenti
461 1141 618 1172 onustos
649 1134 785 1184 recipit
804 1133 842 1170 in
863 1142 998 1172 castra.
1064 1134 1210 1175 Quibus

73 1194 189 1232 rebus
205 1195 382 1246 cognitis,
401 1193 607 1240 Labienus,
622 1207 844 1245 progressus
857 1207 879 1232 a
890 1194 967 1232 suis
981 1195 1115 1232 castris
1129 1195 1212 1234 mil-

73 1256 125 1294 lia
142 1268 322 1307 passuum
340 1267 399 1292 vu
418 1268 487 1307 per
500 1257 638 1306 jugum
657 1263 697 1293 et
716 1255 867 1301 collem,
894 1268 963 1306 per
980 1269 1095 1306 quern
1115 1257 1212 1294 Cae-

73 1329 135 1354 sar
152 1317 275 1368 pridie
293 1317 366 1355 iter
383 1317 542 1362 fecerat,
561 1317 613 1354 ibi
627 1325 753 1355 castra
771 1317 930 1354 duarum
946 1317 1142 1367 legionum
1156 1317 1213 1355 fa-

74 1376 128 1414 cit
144 1392 154 1420 ;
179 1383 295 1427 atque
315 1375 394 1427 ipse
409 1376 594 1427 quotidie,
613 1376 836 1414 existimans
853 1377 1057 1415 Caesarem
1077 1378 1213 1416 eadem

72 1449 188 1488 saepe
218 1437 478 1474 frumentandi
508 1436 631 1487 gratia
659 1445 975 1483 commeaturum,
1003 1451 1090 1476 curn
1109 1451 1215 1490 mag-

74 1511 125 1536 no
144 1498 317 1549 equitatu
334 1497 484 1549 levique
497 1506 687 1538 armatura
701 1498 946 1537 insidiaturus
957 1499 1052 1536 locis
1068 1499 1214 1538 idoneis

75 1559 264 1598 consedit.

127 1619 272 1658 LXVI.
343 1619 498 1666 Caesar,
529 1620 681 1660 interim
710 1620 760 1658 de
792 1621 936 1659 insidiis
971 1620 1133 1660 Labieni
1165 1635 1215 1660 ex

75 1680 246 1733 perfugis
265 1680 404 1718 certior
421 1680 560 1727 factus,
587 1694 730 1732 paucos
761 1681 842 1720 dies
861 1681 914 1720 ibi
945 1690 1215 1729 commoratus,

76 1742 167 1780 dum
185 1741 314 1779 hostes
333 1741 554 1792 quotidiano
571 1742 759 1789 instituto,
785 1755 899 1794 saepe
918 1743 1020 1781 idem
1038 1743 1217 1783 faciendo

75 1803 116 1841 in
135 1802 408 1853 negligentiam
426 1803 723 1849 adducerentur,
751 1803 877 1842 subito
909 1816 1020 1842 mane
1039 1804 1216 1856 imperat,

76 1871 189 1916 porta
206 1864 421 1902 decumana
437 1863 608 1914 legiones
626 1876 666 1901 se
687 1875 750 1901 nx
777 1872 976 1903 veteranas
1003 1878 1091 1903 cum
1110 1873 1219 1916 parte

77 1924 271 1975 equitatus
301 1923 433 1974 sequi:
460 1930 590 1974 atque,
619 1923 811 1974 equitibus
830 1924 1058 1974 praemissis,
1092 1938 1219 1977 neque

77 1985 278 2036 opinantes
304 1983 542 2022 insidiatores
561 1984 702 2030 subito,
728 1983 768 2021 in
785 1985 1023 2023 convallibus
1041 1986 1219 2034 latentes,

77 2044 152 2083 levi
171 2051 363 2082 armatura
380 2043 550 2082 concidit
575 2044 729 2082 circiter
749 2057 790 2091 n,
820 2045 986 2096 reliquos
1019 2047 1056 2083 in
1087 2046 1219 2098 fugam

79 2105 333 2156 turpissimam
355 2105 534 2155 conjecit.
569 2104 730 2145 Interim
748 2105 942 2145 Labienus
962 2119 1050 2145 cum
1069 2108 1222 2146 univer-

80 2179 123 2205 so
138 2166 312 2217 equitatu
326 2165 562 2216 fugientibus
576 2166 653 2204 suis
667 2167 861 2218 suppetias
881 2169 1062 2206 occurrit.
1101 2169 1222 2220 Cujus

79 2226 154 2264 vim
186 2226 440 2265 multitudinis
458 2240 575 2277 quum
607 2228 756 2278 equites
774 2228 887 2280 pauci
907 2229 1125 2269 Caesariani
1142 2233 1221 2280 jam

79 2287 266 2326 sustinere
281 2301 357 2326 non
372 2295 542 2339 possent,
562 2288 704 2327 Caesar
723 2290 926 2329 instructas
944 2291 1115 2342 legiones
1134 2292 1222 2330 hos-

79 2348 175 2390 tium
195 2348 314 2401 copiis
333 2349 511 2388 ostendit.
565 2350 652 2392 Quo
689 2349 792 2390 facto
810 2352 1014 2403 perterrito
1035 2352 1223 2403 Labieno,
