1472 2664
231 251 305 287 2²40
534 248 762 287 INCERTI
792 248 1069 289 AUCTORIS

278 350 386 390 XVI.
439 351 567 401 Hujus
586 352 661 389 diei
680 360 852 391 extremo
884 361 1054 404 tempore
1073 367 1095 391 a
1123 354 1365 405 Pompeianis

227 412 324 450 clam
350 412 444 461 [ad]
469 421 618 450 nostros
647 414 864 451 tabellarius
883 422 941 452 est
959 416 1106 461 missus,
1125 422 1167 452 ut
1186 428 1231 452 ea
1250 423 1363 453 nocte

227 480 350 510 turres
378 485 634 523 aggeremque
663 473 927 520 incenderent,
959 483 998 512 et
1019 487 1069 512 111
1099 476 1229 526 vigilia
1255 489 1368 526 erup-

225 533 368 571 tionem
395 533 579 571 facerent.
633 534 692 571 Ita
720 535 823 584 igne,
857 536 1093 587 telorumque
1122 536 1366 574 multitudine

222 596 341 643 jacta,
375 608 490 645 quum
513 595 611 632 bene
636 608 811 645 magnam
841 604 987 647 partem
1014 598 1112 634 muri
1141 597 1367 635 consumsis-

224 662 322 701 sent,
338 663 501 705 portam,
521 668 617 706 quae
638 669 658 693 e
677 657 833 707 regione
852 665 891 694 et
910 658 948 694 in
971 666 1181 709 conspectu
1196 657 1368 708 Pompeii

227 723 436 753 castrorum
454 716 592 762 fuerat,
624 726 868 767 aperuerunt,
901 719 1110 770 copiaeque
1131 727 1233 756 totae
1253 732 1365 768 erup-

225 777 365 814 tionem
385 777 573 823 fecerunt‚
592 790 797 828 secumque
812 780 1033 816 extulerunt
1048 780 1212 816 calcatas
1227 780 1276 817 ad
1289 780 1364 816 fos—

223 850 283 875 sas
313 838 570 888 complendas,
603 846 642 876 et
660 839 898 889 harpagones
917 840 965 876 ad
993 852 1111 885 casas,
1146 853 1243 889 quae
1271 847 1366 877 stra—

223 899 420 936 mentitiae
448 899 493 936 ab
513 899 650 936 nostris
670 900 913 937 hibernorum
935 913 1067 937 caussa
1085 900 1308 937 aedificatae
1328 913 1367 938 e·

225 967 323 1005 rant,
344 959 547 996 diruendas
566 968 604 997 et
623 960 904 1004 incendendas3
935 968 1132 1010 praeterea
1151 968 1367 1009 argentum,

226 1027 264 1058 et
283 1020 523 1066 vestimenta,
542 1028 599 1066 ut,
618 1021 707 1058 dum
728 1022 845 1058 nostri
865 1022 902 1058 in
922 1021 1065 1071 praeda
1091 1021 1368 1066 detinerentur,

226 1081 292 1125 illi,
319 1082 437 1118 caede
458 1082 574 1128 facta,
602 1081 649 1118 ad
674 1081 860 1131 praesidia
879 1081 1051 1131 Pompeii
1070 1094 1110 1118 se
1130 1081 1367 1131 reciperent:

225 1155 326 1187 nam,
353 1142 456 1192 quod
483 1143 738 1187 existimabat,
767 1155 832 1179 cos
859 1155 970 1193 posse
997 1150 1174 1180 conatum
1203 1142 1366 1187 efficere,

224 1210 338 1240 nocte
367 1210 449 1240 tota
476 1204 575 1240 ultra
601 1203 677 1239 ibat
706 1203 846 1239 flumen
868 1203 1014 1240 Salsum
1035 1203 1072 1239 in
1098 1203 1192 1240 acie.
1254 1203 1366 1245 Quod

225 1264 366 1301 sactum
386 1264 477 1301 licet
496 1264 825 1314 necopinantibus
844 1263 982 1301 nostris
1001 1271 1100 1301 esset
1119 1271 1291 1313 gestum3
1311 1272 1367 1301 ta-

224 1337 326 1370 men,
354 1324 493 1362 virtute
510 1323 614 1370 freti,
646 1325 816 1375 repulsos
843 1325 1048 1375 multisque
1068 1324 1286 1361 vulneribus
1312 1324 1366 1361 af-

221 1385 344 1423 fectos
360 1385 499 1436 oppido
519 1393 793 1436 represserunt,
814 1385 1030 1435 praedaque
1050 1392 1089 1421 et
1103 1385 1214 1422 armis
1234 1397 1365 1422 eorum

224 1455 315 1483 sunt
333 1447 458 1496 potiti,
478 1446 658 1497 vivosque
672 1446 819 1497 aliquos
835 1453 1034 1496 ceperunt,
1054 1445 1116 1496 qui
1136 1452 1289 1496 postero
1305 1445 1367 1484 die

223 1514 313 1544 sunt
331 1506 535 1544 interfecti.
572 1506 797 1557 Eodemque
813 1515 984 1556 tempore
1000 1505 1195 1556 transfuga
1210 1507 1367 1544 nuncia-

223 1567 278 1604 vit
298 1580 347 1604 ex
367 1567 521 1617 oppido,
539 1566 712 1612 Junium,
741 1567 804 1617 qui
825 1567 862 1603 in
883 1566 1062 1604 cuniculo
1080 1566 1227 1613 fuisset,
1250 1569 1366 1618 jugu-

225 1627 366 1664 latione
382 1627 657 1677 oppidanorum
672 1627 788 1672 facta,
804 1627 999 1672 clamasse,
1018 1626 1165 1664 facinus
1181 1639 1220 1664 se
1235 1627 1366 1665 nefan-

224 1688 315 1725 dum
334 1698 373 1724 et
391 1688 514 1724 scelus
532 1687 691 1725 fecisse:
727 1699 813 1724 narn
835 1699 900 1724 eos
919 1687 1013 1724 nihil
1033 1688 1229 1733 meruisse,
1249 1700 1366 1739 quare

224 1749 290 1787 tali
319 1761 443 1799 poena
469 1747 724 1794 afficerentur,
754 1748 817 1798 qui
837 1760 901 1785 eos
921 1749 969 1785 ad
988 1760 1071 1785 aras
1090 1755 1128 1785 et
1146 1747 1253 1786 focos
1278 1761 1368 1786 suos

225 1809 462 1860 recepissent
478 1824 487 1851 ;
527 1821 667 1859 eosque
686 1808 892 1858 hospitium
911 1808 1056 1845 scelere
1075 1808 1365 1846 contaminasse.

223 1871 344 1907 multa
362 1877 561 1920 praeterea
579 1869 741 1907 dixisse:
769 1882 843 1920 qua
861 1869 1032 1906 oratione
1051 1869 1268 1914 deterritos,
1286 1881 1364 1906 am-

223 1931 321 1981 plius
342 1930 621 1981 jugulationem
641 1944 716 1969 non
736 1930 883 1968 secisse.

277 1992 404 2029 XVII.
456 1992 515 2029 Ita
539 1999 691 2042 postero
711 1992 772 2028 die
796 1991 943 2028 Tullius
963 1992 1110 2041 legatus
1130 2004 1218 2028 cum
1247 1991 1376 2029 Cama

223 2067 271 2090 ne
286 2053 469 2090 Lusitano
484 2053 600 2098 venit,
620 2060 659 2090 et
673 2053 773 2103 apud
789 2053 990 2090 Caesarem
1003 2052 1118 2089 verba
1131 2051 1245 2089 fecit:
1266 2057 1291 2074 “
1308 2051 1365 2090 U-

226 2119 251 2137 “
272 2114 389 2152 tinam
409 2113 560 2163 quidem
580 2113 631 2150 dii
658 2113 888 2150 immortales
905 2113 1101 2158 fecissent,
1132 2120 1174 2150 ut
1191 2120 1278 2150 tuus
1297 2125 1364 2163 po-

226 2179 251 2197 “
270 2174 344 2211 tius
358 2173 478 2218 miles,
498 2187 608 2224 quam
626 2174 696 2211 Cn.
713 2174 898 2223 Pompeii,
913 2173 1036 2210 factus
1052 2186 1172 2210 essem
1187 2189 1195 2216 ;
1214 2180 1252 2210 et
1263 2173 1366 2213 hanc

225 2240 251 2258 “
269 2235 417 2272 virtutis
436 2235 690 2272 constantiam
710 2234 746 2270 in
767 2242 830 2271 tua
847 2234 1017 2279 victoria,
1038 2247 1113 2271 non
1133 2234 1169 2270 in
1186 2233 1284 2270 illius
1303 2245 1366 2270 ca-

229 2299 254 2319 “
273 2294 458 2343 lamitate‚
478 2302 729 2347 praestarem:
759 2297 867 2346 cujus
885 2295 1058 2334 funestae
1078 2295 1208 2333 laudes
1227 2294 1367 2345 quippe
