1472 2664
199 228 252 272 '64
533 235 607 273 DE
650 236 829 274 BELLO
872 237 1040 276 CIVILI

193 336 404 387 'separatim
425 351 532 376 suam
566 340 726 390 quisque
746 341 902 379 classem
924 342 973 379 ad
1004 340 1204 378 arbitrium
1234 354 1344 379 suum

199 397 501 435 administrabat.
554 399 758 446 Vibullius,
791 402 924 438 sedato
945 402 1125 446 tumultu,
1153 415 1265 452 quem
1286 415 1345 440 re-

198 458 378 508 pentinus
397 459 582 497 adventus
600 460 771 497 Caesaris
788 462 1062 507 concitaverat,
1083 461 1146 498 ubi
1166 461 1344 511 primum,

198 530 327 556 rursus
347 520 518 557 adhibito
539 521 702 567 Libone,
739 529 777 558 et
797 521 843 558 L.
863 522 1048 567 Lucceio,
1077 529 1116 559 et
1137 523 1344 573 Theopha-

197 588 260 625 ne,
282 581 418 630 quibus
439 582 720 619 communicare
741 583 789 619 de
808 583 983 620 maximis
1005 584 1118 620 rebus
1137 583 1343 634 Pompeius

199 649 465 687 consueverat,
503 643 550 679 de
587 643 776 680 mandatis
811 645 984 681 Caesaris
1017 657 1132 693 agere
1166 645 1344 691 instituit,

201 715 302 747 eum,
319 702 528 752 ingressum
551 704 585 740 in
609 716 837 750 sermonem,
853 704 1057 755 Pompeius
1078 705 1345 756 interpellavit,

200 772 239 801 et
259 765 362 815 loqui
383 765 490 815 plura
510 765 719 815 prohibuit.
774 766 874 807 Quid
895 766 1002 810 mihi,
1027 766 1163 816 inquit,
1183 774 1248 803 aut
1266 767 1345 805 vita

198 832 264 861 aut
285 825 437 862 civitate
459 838 554 875 opus
574 833 646 870 est,
667 839 778 875 quam
799 826 988 863 beneficio
1010 826 1183 862 Caesaris
1201 826 1345 864 habere

199 884 384 922 videbor?
415 887 524 933 cujus
551 885 606 921 rei
626 885 754 934 opinio
777 885 856 921 tolli
890 898 964 921 non
985 884 1140 934 poterit,
1169 898 1284 934 quum
1305 885 1343 922 in

197 945 363 992 Italiam,
392 959 439 984 ex
462 959 537 996 qua
556 946 751 996 profectus
768 959 863 991 sum,
884 946 1066 982 reductus
1081 945 1341 982 existimabor.

197 1006 308 1043 Bello
325 1006 511 1057 perfecto,
532 1007 579 1044 ab
596 1007 639 1044 iis
656 1008 797 1045 Cacsar
813 1007 909 1043 haec
930 1007 1033 1044 dicta
1053 1005 1248 1056 cognovit,
1277 1006 1342 1056 qui

197 1068 364 1106 sermoni
397 1068 651 1105 interfuerunt
669 1083 678 1105 ε
716 1074 877 1104 conatus
908 1074 1037 1103 tamen
1068 1066 1188 1103 nihilo
1219 1067 1344 1104 minus

198 1138 256 1167 est
275 1129 356 1166 aliis
384 1129 596 1166 rationibus
615 1142 684 1179 per
704 1128 895 1178 colloquia
913 1129 961 1166 de
981 1141 1076 1179 pace
1096 1142 1224 1180 agere.

249 1190 358 1229 XIX.
412 1190 518 1227 Inter
550 1190 639 1227 bina
659 1197 796 1235 castra,
827 1188 999 1239 Pompeii
1019 1197 1134 1240 atque
1155 1189 1344 1237 Caesaris,

197 1265 315 1289 unum
337 1252 479 1289 flumen
509 1258 656 1288 tanturn
677 1251 873 1295 intererat,
895 1252 1038 1300 Apsus,
1059 1251 1267 1301 crebraque
1288 1251 1345 1287 in-

196 1319 256 1352 ter
279 1326 319 1351 se
340 1312 531 1363 colloquia
550 1312 688 1349 milites
707 1311 924 1349 habebant:
953 1324 1076 1362 neque
1105 1312 1224 1349 ullum
1245 1312 1344 1349 inte-

198 1376 270 1414 rim
291 1375 424 1420 telum,
445 1389 514 1425 per
533 1374 730 1424 pactiones
746 1372 1062 1423 colloquentium,
1082 1374 1345 1423 transjicieba-

195 1445 271 1474 tur.
328 1436 451 1474 Mittit
473 1435 517 1472 P.
536 1434 732 1472 Vatinium
752 1435 921 1483 legatum
937 1434 984 1472 ad
996 1434 1117 1484 ripam
1136 1435 1254 1485 ipsam
1269 1435 1342 1472 flu·

195 1499 321 1543 minis,
342 1498 404 1549 qui
425 1510 483 1542 ea,
505 1509 602 1547 quae
623 1495 788 1532 maxime
808 1496 856 1532 ad
871 1508 1004 1545 pacem
1025 1495 1218 1545 pertinere
1237 1495 1343 1532 vide-

195 1567 342 1604 rentur,
362 1565 518 1609 ageret;
559 1564 598 1593 et
630 1555 765 1593 crebro
784 1567 923 1605 magna
940 1568 1037 1592 voce
1057 1555 1342 1605 pronunciaret,

195 1620 381 1657 liceretne
413 1618 558 1656 civibus
591 1616 640 1654 ad
673 1615 775 1654 cives
807 1615 854 1652 de
875 1628 970 1666 pace
996 1616 1143 1665 legatos
1175 1616 1342 1662 mittere,

196 1680 300 1731 quod
321 1679 434 1717 etiam
462 1677 632 1728 fugitivis
663 1677 709 1714 ab
729 1676 827 1713 saltu
848 1676 1047 1727 Pyrenaeo
1066 1677 1341 1726 praedonibus-

198 1753 272 1791 que
292 1740 463 1777 licuisset
480 1755 488 1781 ;
507 1737 746 1788 praesertim,
767 1744 808 1774 ut
824 1737 863 1774 id
878 1745 1050 1787 agerent,
1071 1750 1119 1774 ne
1136 1737 1237 1774 cives
1256 1751 1343 1775 cum

197 1801 343 1838 civibus
359 1799 472 1837 armis
488 1798 756 1835 decertarent?
787 1797 915 1835 Multa
933 1798 1156 1848 suppliciter
1175 1798 1342 1844 locutus,

197 1868 241 1898 ut
260 1861 307 1898 de
327 1873 396 1898 sua
413 1867 529 1909 atquc
558 1858 727 1895 omnium
761 1858 882 1896 salute
902 1859 1081 1904 debebat,
1114 1858 1343 1909 silentioque

138 1958 141 1960 .
197 1923 244 1960 ab
267 1922 438 1972 utrisque
458 1920 640 1958 militibus
665 1919 829 1957 auditus.
884 1920 1127 1970 Responsum
1147 1927 1205 1957 est
1222 1921 1270 1958 ab
1289 1920 1343 1957 al-

197 1991 279 2020 tera
298 1990 420 2032 parte,
451 1984 498 2019 A.
521 1981 731 2018 Varronem
761 1980 945 2032 profiteri,
978 1993 1018 2017 se
1051 1981 1172 2018 altera
1202 1981 1264 2018 die
1293 1981 1344 2018 ad

197 2043 429 2093 colloquium
450 2049 666 2084 venturum,
693 2049 809 2090 atque
837 2053 912 2078 una
931 2039 1045 2077 ctiam
1066 2039 1245 2089 utrinque
1276 2039 1342 2076 ad-

196 2103 353 2141 modum
374 2110 458 2140 tuto
489 2103 602 2152 legati
624 2102 770 2146 venire,
807 2109 858 2145 ct,
879 2114 976 2151 quae
996 2100 1151 2145 vellent,
1172 2112 1342 2149 expone·

198 2178 254 2209 re,
282 2171 461 2214 possent:
507 2171 729 2213 certumque
751 2163 783 2200 ei
813 2163 866 2200 rei
897 2170 1049 2212 tempus
1082 2160 1342 2198 constituitur.

198 2227 285 2267 Quo
305 2238 422 2275 quum
439 2232 537 2262 essct
557 2232 711 2274 postero
732 2224 793 2260 die
813 2231 984 2268 ventum,
1004 2234 1141 2272 magna
1163 2221 1342 2272 utrinque

197 2284 404 2322 multitudo
424 2284 620 2323 convenit:
639 2296 855 2334 magnaque
871 2291 953 2321 erat
968 2283 1050 2333 ejus
1066 2281 1120 2320 rei
1140 2284 1342 2332 exspecta-
