1472 2664
568 293 734 330 LIBER
786 293 860 330 111.
1224 295 1274 332 67

132 396 390 448 polliceretur,
410 396 517 433 abiis
530 404 589 433 est
607 396 845 434 interfectus.
883 395 944 432 Ita
962 407 1184 445 magnarum
1204 395 1274 431 ini-

131 459 184 496 tia
203 471 344 504 rerum,
363 470 460 508 quae
481 457 737 508 occupatione
758 457 1047 507 magistratuum
1067 463 1106 494 et
1125 463 1273 506 tempo-

130 533 211 557 rum
232 519 432 557 sollicitam
451 518 602 556 ltaliam
629 518 836 563 habebant,
870 517 1034 555 celerem
1055 524 1093 554 et
1121 516 1273 554 facilem

131 581 276 619 exitum
298 580 529 618 habuerunt.

182 640 331 678 XXIII.
384 641 498 686 Libo,
525 640 722 691 profectus
741 641 787 678 ab
809 640 928 677 Orico
947 653 1034 677 cum
1055 639 1189 683 classe,
1210 637 1271 675 cui

129 708 316 752 praeerat,
348 701 501 738 navium
522 713 561 746 L,
595 701 840 738 Brundisium
867 700 986 746 venit,
1017 699 1272 748 insulamque,

128 774 226 812 quae
241 770 375 800 contra
389 762 660 799 Brundisinum
675 770 827 812 portum
841 769 914 807 est,
929 760 1152 811 occupavit;
1172 759 1273 809 quod

125 828 320 872 praestare
340 822 609 868 arbitrabatur,
639 836 755 859 unuin
775 822 918 866 locum,
939 834 1013 872 qua
1034 820 1270 858 necessarius

125 883 264 920 nostris
283 891 365 920 erat
384 895 572 932 egressus,
600 896 712 933 quam
733 883 902 919 omnium
923 883 1052 919 littora
1071 895 1115 919 ac·
1137 888 1272 931 portus

122 943 298 981 custodia
317 943 466 981 clausos
482 944 617 981 teneri.
655 943 733 980 Hic
749 943 950 993 repentino
966 942 1135 979 adventu
1156 954 1272 978 naves

119 1004 315 1042 onerarias
335 1004 517 1054 quasdam
533 1012 682 1049 nactus,
703 1004 887 1049 incendit,
908 1010 948 1040 et
964 1015 1078 1039 unam
1099 1002 1267 1039 frumcn-

123 1071 163 1102 to
183 1072 359 1103 onustam
374 1066 557 1107 abduxit;
576 1078 834 1115 magnumque
851 1064 989 1102 nostris
1004 1071 1191 1101 terrorem
1212 1063 1268 1100 in-

117 1125 230 1175 jecit,
257 1132 310 1171 et,
338 1133 457 1163 noctu
475 1126 659 1162 militibus
677 1138 722 1163 ac
751 1125 956 1175 sagittariis
975 1125 1013 1161 in
1034 1131 1174 1162 terram
1203 1137 1271 1161 ex-

119 1185 268 1236 positis,
288 1186 520 1236 praesidium
540 1186 712 1236 equitum
732 1185 897 1235 dejecit;
927 1193 966 1222 et
984 1185 1083 1222 adeo
1101 1184 1176 1222 loci
1197 1198 1266 1235 op-

119 1246 356 1296 portunitate
376 1246 554 1297 profecit,
584 1247 639 1283 uti
659 1247 707 1284 ad
738 1246 963 1297 Pompeium
992 1246 1121 1283 literas
1141 1247 1268 1283 mitte-

119 1314 192 1351 ret,
214 1319 329 1344 naves
344 1307 523 1358 reliquas,
543 1307 573 1344 si
585 1307 715 1353 vellet,
735 1307 898 1344 subduci
911 1315 949 1345 et
967 1307 1075 1345 refici
1090 1308 1270 1357 juberet:

118 1379 187 1404 sua
205 1367 326 1405 classe
345 1369 489 1405 auxilia
509 1381 592 1406 sese
613 1368 788 1405 Caesaris
808 1368 1104 1418 prohibiturum.

173 1428 320 1466 XXIV.
375 1428 470 1466 Erat
489 1442 536 1467 eo
550 1436 723 1480 tempore
746 1429 937 1466 Antonius
954 1429 1166 1467 Brundisii:
1187 1431 1269 1480 qui,

119 1489 251 1527 virtuti
278 1490 439 1528 militum
460 1491 640 1536 confisus,
670 1490 832 1540 scaphas
860 1491 1014 1528 navium
1043 1503 1268 1540 magnarum

117 1549 274 1588 circiter
293 1562 347 1588 Lx
368 1552 536 1589 cratibus
564 1551 783 1602 pluteisque
803 1552 995 1597 contexit,
1028 1564 1153 1602 eoque
1173 1552 1270 1588 mili-

115 1618 174 1649 tes
194 1611 366 1650 delectos
387 1612 579 1663 imposuit,
599 1619 714 1664 atque
734 1625 798 1649 eas
818 1613 855 1649 in
871 1613 1002 1650 littore
1022 1613 1193 1663 pluribus
1214 1614 1269 1650 lo·

117 1671 173 1709 cis
200 1673 405 1723 separatim
435 1673 645 1724 disposuit;
677 1686 869 1723 navesque
898 1674 1073 1712 triremes
1094 1686 1142 1721 11,
1168 1687 1262 1725 quas

114 1726 307 1771 Brundisii
329 1733 523 1771 faciendas
543 1741 758 1779 curaverat,
787 1747 855 1784 per
875 1747 1049 1772 caussam
1069 1747 1258 1772 exercen-

115 1792 251 1830 dorum
271 1794 459 1844 remigum
478 1794 527 1831 ad
541 1794 672 1832 fauces
694 1801 827 1845 portus
846 1794 1000 1845 prodire
1015 1795 1143 1845 jussit.
1181 1796 1265 1833 Has

115 1867 234 1904 quum
252 1854 434 1892 audacius
463 1868 683 1906 progressas
707 1855 806 1892 Libo
827 1855 996 1902 vidisset,
1030 1869 1188 1907 sperans
1207 1857 1264 1894 in-

113 1914 250 1965 tercipi
266 1928 392 1965 posse,
412 1915 673 1965 quadriremes
690 1927 716 1950 v
731 1915 779 1952 ad
795 1927 859 1951 eas
874 1914 988 1952 misit.
1017 1915 1127 1957 Quae
1144 1929 1262 1966 quum

115 1974 275 2012 navibus
295 1975 434 2012 nostris
462 1975 848 2026 appropinquassent,
880 1976 998 2013 nostri
1023 1977 1193 2013 veterani
1223 1976 1261 2013 in

111 2043 263 2084 portum
280 2036 544 2086 refugiebant;
571 2036 638 2081 illi,
658 2037 786 2074 studio
806 2036 969 2082 incitati,
990 2037 1182 2075 incautius
1202 2052 1260 2075 se-

116 2097 342 2146 quebantur.
396 2097 484 2134 Jam
504 2110 552 2134 ex
574 2097 750 2134 omnibus
779 2098 951 2147 partibus
979 2098 1107 2135 subito
1138 2099 1261 2136 Anto-

112 2156 248 2193 nianae
268 2157 448 2207 scaphae,
467 2157 577 2207 signo
597 2158 700 2203 dato,
716 2171 756 2195 se
777 2159 815 2195 in
831 2159 960 2196 hostes
981 2159 1237 2197 incitaverunt
1254 2177 1263 2203 ;

113 2217 313 2268 primoque
332 2219 478 2269 impetu
499 2231 613 2256 unam
632 2231 681 2256 ex
703 2219 760 2256 his
780 2220 1061 2270 quadriremem
1092 2233 1179 2258 cum
1202 2235 1261 2259 re-

112 2277 277 2328 migibus
297 2279 638 2330 defensoribusque
658 2280 734 2317 suis
754 2291 957 2331 ceperunt,
991 2282 1156 2332 reliquas
1177 2289 1257 2318 tur-

113 2338 213 2389 piter
231 2339 408 2390 refugere
438 2341 662 2391 coegerunt.
716 2341 780 2378 Ad
802 2342 875 2380 hoe
894 2342 1167 2381 detrimentum
1196 2355 1260 2381 ac·
