1472 2664
335 292 412 338 DE
438 299 613 337 BELLO
642 298 779 337 HISP.
806 291 981 336 LIBER.
1151 297 1230 340 249⁴

144 402 290 440 XXIX.
345 403 421 440 Sed
449 402 595 439 ratione
613 402 717 439 nulla
742 402 885 452 placuit
903 402 1022 439 taceri
1040 402 1092 448 id,
1123 402 1226 453 quod

94 472 139 500 eo
159 464 291 501 incidit
309 471 492 513 tempore.
540 462 720 500 Planities
735 463 833 499 inter
852 470 1010 512 utraque
1030 472 1152 500 castra
1170 463 1227 499 in-

92 524 326 569 tercedebat,
348 524 499 561 circiter
513 524 628 560 millia
641 536 819 574 passuum
839 534 879 568 v,
900 530 941 560 ut
959 522 1099 559 auxilia
1115 522 1227 559 Pom-

92 584 168 634 peii
188 584 333 621 duabus
349 583 645 621 defenderentur
663 584 788 628 rebus,
808 583 936 634 oppidi
955 582 1096 620 excelsi
1115 590 1154 620 et
1173 582 1227 619 lo-

90 644 126 680 ci
151 651 296 680 natura.
349 644 454 681 Hinc
472 644 637 693 dirigens
655 644 828 693 proxima
845 643 1020 693 planities
1038 643 1226 693 aequaba-

92 713 165 749 tur,
193 706 301 753 cujus
320 704 520 741 decursum
540 704 791 741 antecedebat
810 703 923 748 rivus,
944 703 1008 753 qui
1027 703 1075 740 ad
1094 716 1226 740 eorum

90 776 284 802 accessum
314 776 497 801 summam
529 764 715 801 efficiebat
746 763 822 800 loci
848 763 1109 813 iniquitatem:
1140 776 1227 800 nani

88 823 246 873 palustri
266 831 306 860 et
324 824 549 873 voraginoso
580 824 660 861 solo
681 835 834 861 currens
863 831 945 861 erat
962 823 1010 860 ad
1037 823 1227 860 dextrum.

91 884 142 920 Et
162 884 316 929 Caesar,
337 897 450 934 quum
470 885 591 922 aciem
611 885 793 922 directam
811 884 981 929 vidisset,
1001 897 1075 921 non
1095 884 1229 920 habuit

90 944 260 988 dubium,
291 943 380 994 quin
402 944 527 981 media
544 944 700 995 planitie
719 945 757 981 in
780 957 944 995 aequum
968 944 1017 981 ad
1044 944 1226 981 dimican-

90 1004 181 1041 dum
213 1003 416 1040 adversarii
447 1005 712 1054 procederent.
767 1005 856 1042 Hoc
882 1012 965 1042 erat
991 1005 1030 1040 in
1058 1004 1226 1041 omnium

91 1071 313 1114 conspectu.
378 1063 468 1102 Huc
488 1064 712 1110 accedebat,
740 1073 781 1103 ut
799 1066 905 1103 locus
924 1064 987 1102 illa
1005 1064 1160 1114 planitie
1186 1077 1226 1101 e-

57 1123 60 1126 ’
94 1125 279 1175 quitatum
300 1132 464 1169 ornaret,
492 1132 530 1161 et
551 1125 625 1162 diei
651 1125 814 1175 solisque
833 1124 1040 1167 serenitas3
1066 1133 1107 1161 ut
1125 1124 1228 1161 miri-

87 1186 202 1222 ficum
220 1193 257 1221 et
277 1184 483 1234 optandum
500 1193 648 1234 tempus
666 1197 786 1234 prope
801 1185 848 1221 ab
864 1183 935 1220 diis
954 1184 1227 1221 immortalibus

89 1245 182 1282 illud
199 1245 380 1282 tributum
397 1252 495 1281 esset
510 1244 558 1281 ad
573 1244 756 1294 proelium
772 1244 1098 1281 committendum.
1129 1244 1228 1282 Nos-

90 1307 138 1343 tri
158 1305 303 1350 laetari,
323 1304 493 1342 nonnulli
512 1304 626 1341 etiam
645 1305 793 1351 timere,
818 1304 921 1355 quod
939 1304 977 1341 in
996 1318 1082 1342 eum
1100 1305 1227 1343 locum

91 1379 150 1403 res
168 1366 420 1415 fortunaeque
449 1365 617 1402 omnium
642 1364 938 1410 deducerentur,
964 1372 1019 1410 ut,
1047 1365 1229 1416 quicquid

90 1436 176 1478 post
194 1427 324 1463 horam
344 1438 453 1463 casus
471 1426 677 1471 tribuisset,
697 1425 736 1462 in
755 1424 870 1462 dubio
889 1432 1106 1475 poneretur.
1151 1426 1229 1464 lta-

90 1500 164 1538 que
182 1486 302 1523 nostri
321 1486 369 1522 ad
387 1485 643 1523 dimicandum
662 1485 898 1536 procedunt;
921 1485 960 1522 id
979 1486 1080 1536 quod
1095 1485 1228 1524 adver·

88 1547 205 1584 sai-ios
225 1545 532 1582 existimabamus
551 1558 632 1582 esse
648 1545 828 1582 facturos.
868 1545 944 1587 Qui
963 1552 1089 1583 tamen
1105 1558 1127 1583 a
1145 1559 1226 1583 mu-

88 1608 234 1644 nitione
263 1605 392 1656 oppidi
424 1605 525 1642 mille
552 1606 722 1655 passibus
750 1605 899 1655 longius
929 1618 1004 1643 non
1034 1607 1228 1644 audebant

90 1667 324 1718 procedere:
353 1667 389 1702 in
411 1680 485 1716 quo
504 1667 572 1703 sibi
594 1680 710 1717 prope
730 1679 878 1703 murum
897 1667 1098 1704 adversarii
1117 1680 1226 1717 proe-

88 1728 255 1765 liandum
277 1727 571 1764 constituebant.
612 1727 745 1777 ltaque
764 1727 880 1764 nostri
900 1728 1125 1777 procedunt.
1164 1729 1228 1765 In-

89 1789 237 1825 terdum
267 1787 437 1838 aequitas
457 1787 529 1824 loci
559 1787 794 1825 adversarios
821 1786 1062 1837 efflagitabat,
1089 1797 1132 1824 ut
1160 1789 1227 1826 tali

91 1848 310 1885 conditione
338 1848 616 1885 contenderent
635 1847 683 1884 ad
703 1847 921 1885 victoriam:
957 1860 1081 1898 neque
1099 1855 1227 1886 tamen

90 1909 143 1945 illi
162 1921 184 1945 a
202 1921 270 1945 sua
289 1907 562 1944 consuetudine
582 1907 843 1953 discedebant,
863 1915 904 1945 ut
923 1916 988 1944 aut
1006 1909 1052 1945 ab
1073 1908 1227 1947 excelso

89 1969 189 2013 loco,
210 1977 274 2006 aut
293 1969 339 2005 ab
359 1968 514 2018 oppido,
541 1968 793 2005 discederent.
849 1968 978 2005 Nostri
1006 1969 1104 2018 pede
1122 1982 1227 2019 pres-

91 2042 132 2066 so
161 2029 316 2079 propius
335 2028 454 2065 rivum
474 2040 589 2077 quum
617 2028 996 2078 appropinquassent,
1023 2027 1227 2065 adversarii

88 2085 321 2140 patrocinari
340 2089 426 2125 loco
446 2088 573 2137 iniquo
593 2100 668 2124 non
689 2088 879 2125 desinunt.

140 2149 281 2186 XXX(
320 2149 413 2185 Erat
431 2149 532 2186 acies
551 2159 630 2184 xru
655 2148 790 2199 aquilis
809 2149 1029 2194 constituta,
1057 2162 1154 2200 quae
1174 2151 1239 2188 laa

90 2210 233 2247 teribus
252 2209 425 2259 equitatu
453 2209 669 2259 tegebatur,
695 2222 782 2247 cum
800 2208 873 2245 levi
902 2218 1092 2247 armatura
1115 2212 1225 2248 milli-

87 2271 158 2308 bus
178 2282 243 2308 vr:
273 2277 471 2320 praeterea
489 2269 690 2306 auxiliares
718 2269 967 2314 accedebant,
996 2282 1113 2320 prope
1133 2271 1226 2308 alte-

91 2338 174 2367 rum
201 2337 362 2367 tantum.
418 2329 556 2366 Nostra
582 2329 770 2380 praesidia
798 2341 904 2367 Lxxx
925 2330 1159 2376 cohortibus,
1187 2339 1242 2368 et>

168 2390 276 2427 ΤΟΜ.
303 2389 354 2426 11.
630 2389 649 2426 I
673 2390 685 2426 i
