1472 2664
229 275 277 309 90
532 271 605 306 DE
646 270 821 307 BELLO
862 270 1026 307 CIVILI

233 385 402 422 quasque
421 373 469 409 ad
489 372 771 422 Dyrrhachium
793 386 905 410 naves
923 373 1055 422 longas
1073 372 1251 417 habebat,
1281 371 1365 408 mit-

232 433 294 475 tit;
315 440 354 469 et
373 433 499 483 quida
517 446 668 483 quoque
689 433 769 470 fieri
788 433 879 469 velit
898 431 1095 482 praecipit.
1129 431 1192 467 Ad
1207 443 1269 467 eas
1284 438 1366 467 mu*-

232 493 395 530 nitiones
425 493 564 530 Caesar
593 493 801 529 Lentulum
833 491 1101 529 Marcellinum
1128 498 1367 540 quaestorem

234 566 319 590 cum
340 553 491 603 legione
512 565 553 589 lx
577 553 741 602 positum
761 553 941 589 habebat.
996 551 1114 596 Huic,
1149 551 1249 600 quod
1268 551 1368 587 vale-

233 613 364 650 tudine
384 614 508 650 minus
528 614 728 651 commoda
744 613 933 658 utebatur,
955 611 1125 648 Fulvium
1145 611 1367 648 Postumum

231 674 443 723 adjutorem
464 674 701 710 submiserat.

280 733 427 770 LXIII.
482 733 575 770 Erat
594 746 640 769 eo
659 733 744 770 loco
765 734 864 770 fossa
895 732 1035 783 pedum
1070 744 1139 776 xv,
1173 738 1210 768 et
1242 731 1363 767 vallus

234 801 369 830 contra
388 794 535 830 hostem
557 793 593 829 in
614 793 852 830 altitudinem
879 794 1017 842 pedum
1049 804 1095 828 x:
1129 791 1371 829 tantundem-

233 867 305 904 que
325 855 406 902 ejus
426 853 511 890 valli
530 866 648 903 agger
676 853 713 889 in
734 853 972 889 latitudinem
1003 853 1170 902 patebat.
1225 852 1287 889 Ab
1308 864 1369 896 eo,

234 914 450 951 intermisso
469 914 591 963 spatio
611 914 750 963 pedum
772 925 837 958 De,
870 912 967 949 alter
987 924 1190 949 conversus
1210 912 1248 947 in
1281 924 1371 948 con-

233 974 386 1011 trariam
406 981 553 1024 partem
573 981 655 1011 erat
674 974 806 1018 vallus,
826 972 1025 1010 humiliore
1045 972 1170 1022 paullo
1191 972 1370 1008 munitio-

232 1048 294 1072 ne.
348 1034 437 1072 Hoc
457 1035 556 1072 enim
585 1033 842 1084 superioribus
872 1033 1004 1069 diebus
1035 1032 1186 1077 timens,
1219 1032 1372 1077 Caesar,

231 1108 281 1132 ne
301 1095 458 1132 navibus
478 1095 597 1132 nostri
618 1093 994 1137 circumvenirentur,
1010 1091 1201 1142 duplicem
1221 1104 1267 1128 eo
1286 1091 1371 1129 loco

232 1155 378 1193 fecerat
393 1155 544 1200 vallum,
561 1161 616 1200 ut,
636 1155 667 1191 si
680 1154 835 1203 ancipiti
851 1153 996 1203 proelio
1013 1152 1270 1197 dimicaretur,
1286 1165 1371 1202 pos-

234 1224 292 1255 set
310 1217 446 1254 resisti.
490 1215 566 1252 Sed
583 1227 739 1265 operum
759 1214 995 1263 magnitudo,
1017 1221 1055 1250 et
1074 1213 1273 1250 continens
1293 1226 1372 1250 om-

232 1277 336 1314 nium
371 1277 516 1314 dierum
536 1276 656 1320 labor,
685 1275 788 1325 quod
808 1274 923 1311 millia
942 1286 1119 1324 passuum
1147 1274 1185 1309 in
1205 1273 1369 1311 circuitu

234 1350 324 1374 xvu
346 1337 576 1374 munitiones
597 1343 677 1373 erat
697 1336 933 1385 complexus,
967 1334 1189 1384 perficiendi
1209 1334 1373 1384 spatium

233 1412 310 1435 non
330 1398 456 1434 dabat.
510 1397 645 1447 Itaque
667 1403 800 1433 contra
819 1408 921 1433 mare
946 1402 1200 1431 transversum
1219 1394 1372 1440 vallum,

233 1460 297 1510 qui
318 1459 384 1496 has
400 1459 493 1495 duas
513 1457 743 1494 munitiones
763 1456 1020 1505 contingeret,
1051 1455 1219 1492 nondum
1249 1455 1373 1505 perfe-

233 1527 351 1558 cerat.
397 1521 505 1561 Quae
525 1531 585 1555 res
604 1525 695 1555 nota
715 1526 796 1555 erat
816 1517 1014 1566 Pompeio,
1035 1516 1161 1553 delata
1179 1529 1246 1566 per
1266 1515 1374 1552 Allo-

234 1581 374 1629 brogas
387 1579 583 1630 perfugas;
603 1591 858 1628 magnumque
875 1577 1012 1614 nostris
1026 1577 1151 1614 attulit
1167 1576 1375 1613 incommo-

235 1642 337 1678 dum.
395 1641 506 1686 Nam,
535 1647 575 1677 ut
595 1640 642 1677 ad
662 1652 764 1677 mare
785 1646 936 1676 nostrae
957 1638 1134 1675 cobortes
1155 1649 1198 1673 lx
1216 1637 1375 1687 legionis

235 1703 535 1747 excubaverunt,
556 1713 753 1738 accessere
772 1701 897 1737 subito
917 1699 1037 1749 prima
1051 1698 1137 1735 luce
1153 1697 1376 1747 Pompeiani

233 1764 441 1808 exercitus,
457 1774 653 1811 novusque
668 1774 799 1798 eorum
813 1761 998 1797 adventus
1013 1759 1181 1795 exstitit:
1201 1758 1311 1795 simul
1326 1771 1376 1795 ex

235 1825 393 1862 navibus
414 1822 662 1861 circumvecti
682 1822 820 1857 milites
840 1821 877 1857 in
897 1820 1127 1857 exteriorem
1147 1819 1285 1855 vallum
1301 1819 1378 1856 tela

230 1884 439 1934 jaciebant,
455 1882 655 1931 fossaeque
668 1893 809 1930 aggere
824 1880 1134 1929 complebantur:
1155 1886 1193 1915 et
1209 1878 1378 1927 legiona-

235 1944 279 1981 rii
296 1942 485 1980 interioris
502 1941 722 1978 munitionis
738 1940 972 1985 defensores,
988 1939 1097 1976 scalis
1110 1939 1284 1985 admotis,
1300 1946 1378 1976 tor-

233 2005 373 2041 mentis
388 2005 574 2052 cujusque
590 2001 740 2051 generis
754 2001 914 2051 telisque
931 2000 1145 2043 terrebant3
1165 2012 1378 2049 magnaque

233 2064 441 2102 multitudo
461 2062 745 2112 sagittariorum
765 2063 811 2099 ab
832 2069 991 2111 utraque
1020 2069 1127 2111 parte
1147 2061 1377 2098 circumfun-

238 2127 415 2163 debatur.
453 2125 622 2160 Multum
637 2130 763 2160 autem
778 2123 824 2159 ab
842 2123 920 2159 ictu
940 2121 1120 2172 lapidum,
1140 2121 1242 2171 quod
1262 2134 1380 2158 unum

236 2186 375 2224 nostris
396 2192 477 2222 erat
496 2185 628 2228 telum,
657 2183 820 2219 viminea
848 2183 1071 2232 tegimenta,
1090 2182 1208 2231 galeis
1227 2182 1379 2232 imposi-

236 2255 289 2292 ta,
311 2246 581 2283 defendebant.
629 2244 779 2293 Itaque,
800 2256 916 2293 quum
938 2243 1111 2280 omnibus
1131 2243 1243 2279 rebus
1262 2244 1381 2280 nostri

232 2314 513 2359 premerentur,
547 2312 662 2357 atque
689 2317 803 2355 aegre
822 2304 1058 2351 resisterent,
1077 2304 1380 2343 animadversum
