1472 2664
250 235 323 270 208
683 233 732 269 A.
771 233 947 270 HIRTII

245 334 339 372 tium
369 334 644 378 collocaverat;
671 343 870 384 praeterea
898 349 947 373 ex
975 336 1140 372 tironum
1166 335 1379 386 legionibus

246 408 386 444 paucas
401 396 605 443 adjecerat.
651 396 818 434 Tertiam
839 404 964 434 autem
993 397 1113 433 aciem
1134 397 1171 432 in
1190 396 1380 433 sinistrum

245 468 354 492 suum
372 469 491 493 cornu
505 457 732 502 contulerat,
752 465 790 494 et
806 470 925 507 usque
941 457 988 494 ad
1005 457 1099 494 aciei
1114 469 1204 494 suae
1218 456 1381 493 mediam

245 516 434 566 legionem
455 525 692 566 porrexerat,
712 526 749 555 et
765 517 816 555 ita
832 518 1098 561 collocaverat,
1119 517 1174 554 uti
1190 518 1381 554 sinistrum

246 589 354 613 suum
372 590 491 614 cornu
511 577 648 626 triplex
666 586 777 615 esset.
807 578 851 615 ld
867 591 912 615 eo
928 578 1085 615 consilio
1099 577 1259 622 fecerat,
1280 577 1383 627 quod

247 649 355 673 suum
376 638 554 674 dextrum
573 637 671 674 latus
691 639 962 675 munitionibus
982 638 1244 687 adjuvabatur,
1272 637 1380 674 sinis-

247 704 347 734 trum
367 705 509 743 autem,
529 698 720 748 equitatus
736 699 899 736 hostium
914 698 1146 735 multitudini
1166 699 1220 734 uti
1235 698 1385 735 resistc-

246 771 287 794 re
307 766 448 807 posset,
468 759 662 795 laborabat
679 775 686 801 ;
706 760 918 809 eodemque
937 772 1046 796 suum
1066 771 1218 796 omnem
1239 759 1385 808 equita-

247 825 328 855 tum
348 819 563 855 contulerat
580 833 589 856 :
619 827 670 864 et,
691 820 792 869 quod
811 820 845 856 ei
865 832 996 869 parum
1016 818 1248 863 confidebat,
1278 831 1386 868 prae-

247 879 342 915 sidio
364 879 420 915 his
440 879 632 929 equitibus
652 880 841 928 legionem
863 891 889 915 v
909 879 1167 929 praemiserat,
1186 879 1386 928 levemque

246 948 474 977 armaturam
503 941 601 977 inter
628 940 776 990 equites
802 940 1093 990 interposuerat.
1162 939 1386 989 Sagittarios

246 1002 346 1038 varie
365 1001 594 1051 passimque,
615 1001 709 1038 locis
729 1001 857 1046 certis,
877 1000 1119 1050 maximeque
1139 1000 1176 1037 in
1192 1000 1384 1046 cornibus,

247 1062 513 1100 collocaverat.

297 1122 404 1158 LXI.
452 1123 515 1160 Sic
531 1130 779 1173 utrorumque
795 1122 988 1160 exercitus
1002 1122 1193 1167 instructi,
1212 1134 1288 1158 non
1304 1122 1387 1172 plus

250 1195 426 1232 passuum
448 1195 520 1220 ccc
553 1183 754 1232 interjecto
778 1184 915 1233 spatio,
954 1182 1078 1234 (quod
1109 1182 1266 1219 forsitan
1298 1190 1387 1220 ante

249 1243 287 1279 id
307 1251 456 1294 tempus
484 1244 678 1281 acciderat
708 1256 916 1294 nunquam,
945 1243 1034 1293 quin
1066 1243 1331 1293 dimicaretur)
1366 1256 1389 1280 a

247 1316 359 1341 mane
379 1317 498 1354 usque
517 1305 566 1342 ad
585 1305 715 1342 horam
748 1317 774 1340 x
793 1305 867 1341 diei
897 1305 1159 1354 perstiterunt.
1224 1303 1388 1354 Jamque

250 1363 391 1400 Caesar
411 1364 499 1400 dum
520 1364 733 1402 exercitum
746 1365 931 1402 reducere
947 1364 1045 1401 intra
1057 1363 1288 1401 munitiones
1303 1377 1390 1402 suas

247 1424 450 1473 coepisset,
490 1424 616 1462 subito
649 1425 846 1462 universus
882 1425 1074 1475 equitatus
1112 1425 1268 1462 ulterior
1306 1425 1387 1462 Nu-

247 1484 432 1521 midarum
454 1485 782 1536 Gaetulorumque
802 1485 882 1523 sine
905 1485 1022 1522 frenis
1041 1485 1089 1522 ad
1108 1485 1281 1523 dextram
1301 1499 1386 1536 par-

248 1552 323 1582 tem
356 1558 396 1582 se
428 1558 595 1591 movere,
622 1546 854 1596 propiusque
875 1545 1047 1583 Caesaris
1067 1554 1204 1591 castra,
1224 1558 1321 1596 quae
1349 1560 1388 1583 e-

247 1615 332 1643 rant
348 1605 383 1642 in
405 1606 517 1651 colle,
532 1619 572 1643 se
588 1606 777 1652 conferre,
803 1607 952 1657 coepit3
980 1606 1150 1644 frenatus
1169 1615 1296 1644 autem
1313 1607 1387 1644 La-

246 1665 349 1702 bieni
366 1678 482 1715 eques
503 1666 539 1702 in
559 1666 644 1703 loco
661 1679 896 1716 permanere,
916 1667 1162 1716 legionesque
1178 1667 1358 1704 distinere
1377 1682 1387 1705 ε

248 1739 362 1776 quum
396 1726 521 1763 subito
553 1739 639 1776 pars
658 1727 848 1777 equitatus
877 1727 1049 1764 Caesaris
1069 1740 1156 1763 cum
1176 1727 1247 1763 levi
1267 1740 1387 1765 arma·

248 1795 347 1832 tura,
381 1795 515 1824 contra
535 1787 721 1824 Gaetulos
740 1788 884 1836 injussu
903 1800 947 1824 ac
968 1795 1112 1824 temere
1131 1787 1281 1838 longius
1301 1801 1387 1838 pro-

248 1847 383 1896 gressi,
403 1847 656 1898 paludemque
670 1847 909 1897 transgressi,
926 1847 1206 1884 multitudinem
1223 1847 1389 1886 hostium

248 1908 358 1957 pauci
380 1907 566 1944 sustinere
595 1921 671 1945 non
691 1916 920 1958 potuerunt;
949 1907 1096 1958 levique
1112 1915 1302 1946 armatura
1323 1909 1390 1947 de·

248 1969 351 2010 serti,
390 1981 434 2004 ac
465 1968 562 2018 pulsi
593 1968 946 2018 convulneratique,
986 1981 1062 2005 uno
1091 1969 1218 2018 equite
1237 1969 1388 2016 amisso,

247 2028 374 2065 multis
395 2029 501 2077 equis
521 2030 670 2074 sauciis,
697 2029 789 2066 levis
808 2037 1020 2066 armaturae
1036 2041 1155 2066 xxvn
1171 2030 1321 2075 occisis,
1340 2031 1390 2068 ad

246 2101 334 2125 suos
350 2088 585 2138 refugerunt.
625 2091 711 2131 Quo
732 2090 901 2127 secundo
921 2090 1087 2140 equestri
1106 2089 1252 2140 proelio
1271 2089 1388 2136 facto,

250 2149 379 2198 Scipio
399 2150 518 2186 laetus
547 2150 583 2186 in
614 2157 737 2187 castra
764 2157 878 2187 nocte
898 2149 1027 2200 copias
1054 2149 1220 2186 reduxit.
1274 2149 1388 2191 Quod

247 2211 444 2261 proprium
465 2211 644 2261 gaudium
676 2210 906 2249 bellantibus
925 2210 1078 2247 fortuna
1107 2210 1274 2247 tribuere
1307 2222 1386 2246 non

249 2271 442 2309 decrevit:
463 2284 625 2322 namque
641 2280 793 2322 postero
809 2271 870 2309 die
885 2272 1025 2310 Caesar
1045 2284 1131 2309 cum
1150 2277 1258 2321 parte
1278 2269 1384 2320 equi·
