1472 2664
472 219 638 260 LIBER.
691 219 765 258 111.
1135 221 1187 257 55

55 336 200 365 merum
212 336 262 364 ex
276 323 484 369 Thessalia,
505 323 678 368 Boeotia,
696 321 856 367 Achaia,
870 320 1079 371 Epiroque,
1097 333 1186 370 sup-

53 387 234 439 plementi
253 387 404 424 nomine
422 384 458 422 in
478 384 650 434 legiones
668 383 921 421 distribuerat
969 381 1041 417 His
1063 382 1187 418 Anto-

53 448 187 485 nianos
205 447 340 484 milites
358 445 624 484 admiscuerat.
673 443 831 481 Praeter
849 441 918 479 has
936 442 1188 491 exspectabat

55 519 142 545 cum
170 507 346 558 Scipione
373 519 423 544 ex
451 506 560 556 Syria
589 504 760 555 legiones
781 515 838 546 113
868 502 1110 552 saggittarios
1137 514 1188 540 ex

53 567 180 611 Creta,
200 567 503 610 Lacedaemone,
523 564 663 609 Ponto,
682 572 797 615 atque
811 563 936 613 Syria,
955 562 1186 612 reliquisque

50 626 277 672 civitatibus,
309 638 360 663 111
389 625 506 663 millia
530 638 702 669 numero,
735 624 922 665 habebat;
947 622 1186 660 funditorum

51 686 228 724 cohortes
245 686 485 725 sexcenarias
506 700 563 727 u:
599 686 767 737 equitum
789 695 852 721 vu
872 683 1003 729 millia,
1033 696 1081 720 ex
1103 683 1185 734 qui-

48 747 120 784 bus
138 759 190 784 nc
217 747 350 786 Gallos
368 747 575 797 Dejotarus
593 747 820 791 adduxerat,
848 757 877 781 D
905 745 1185 782 Ariobarzanes

47 820 100 846 ex
114 808 378 859 Cappadocia:
396 807 446 845 ad
461 807 623 846 eundem
645 820 841 844 numerum
859 807 978 856 Cotys
999 818 1046 842 ex
1064 805 1184 843 Thra-

51 868 111 906 cia
129 869 299 915 dederat,
320 876 358 906 et
378 869 551 906 Sadalam
571 868 688 906 filium
709 868 873 904 miserat.
915 866 975 904 Ex
996 866 1186 904 Macedo-

50 927 114 965 nia
132 940 180 966 cc
199 938 320 975 erant,
339 929 475 980 quibus
496 928 749 979 Rhascypolis
767 934 956 978 praeerat,
977 925 1199 964 excellenti

50 988 213 1026 virtute:
244 1002 270 1026 n
289 1004 338 1028 ex
359 989 582 1027 Gabinianis
605 988 852 1033 Alexandria,
873 987 1006 1024 Gallos
1026 986 1187 1025 Germa-

47 1060 210 1099 nosque,
242 1063 340 1100 quos
367 1050 417 1087 ibi
437 1050 487 1087 A.
507 1049 693 1086 Gabinius
719 1047 898 1099 praesidii
929 1060 1062 1085 caussa
1082 1049 1188 1099 apud

47 1121 179 1159 regem
212 1109 474 1148 Ptolomaeum
492 1109 711 1160 reliquerat,
746 1107 949 1159 Pompeius
977 1109 1076 1146 filius
1096 1123 1185 1147 cum

46 1168 168 1206 classe
187 1169 413 1213 adduxeram
433 1180 549 1214 occe,
568 1182 664 1220 quos
679 1182 728 1206 ex
744 1169 860 1206 servis
879 1170 956 1206 suis
971 1178 1186 1221 pastorum-

48 1242 122 1279 que
150 1241 303 1267 suorum
335 1231 540 1281 coegerat:
572 1241 646 1266 ccc
676 1229 957 1268 Tarcondarius
991 1231 1127 1269 Castor
1146 1239 1186 1269 et

46 1287 235 1328 Donilaus
252 1303 301 1327 ex
318 1291 583 1340 Gallograecia
602 1290 801 1328 dederant.
829 1291 979 1328 Horum
999 1291 1096 1330 alter
1110 1305 1187 1330 una

46 1357 220 1396 venerat,
239 1351 335 1388 alter
353 1351 470 1388 filium
491 1351 654 1388 miserat.
687 1361 734 1388 cc
754 1364 803 1388 ex
825 1351 935 1401 Syria
954 1365 976 1388 a
996 1353 1185 1403 Comage-

43 1422 98 1447 no
121 1410 330 1457 Antiocho,
364 1412 426 1449 cui
444 1424 581 1461 magna
606 1412 773 1463 praemia
802 1411 1006 1463 Pompeius
1034 1414 1183 1460 tribuit,

47 1470 152 1507 missi
171 1480 290 1509 erant.
317 1472 355 1508 in
373 1472 432 1509 his
450 1473 622 1523 plerique
641 1473 930 1522 hippotoxotae.
971 1474 1061 1511 Huc
1084 1475 1183 1512 Dar-

46 1529 180 1577 danos,
213 1531 364 1578 Bessos,
396 1532 533 1582 partim
560 1533 829 1577 mercenarios,
854 1534 993 1583 partim
1022 1535 1184 1584 imperio

48 1598 116 1629 aut
133 1592 257 1641 gratia
286 1600 540 1642 comparatos,
566 1593 656 1630 item
686 1593 935 1640 Macedonas,
965 1595 1182 1642 Thessalos,

48 1663 98 1688 ac
115 1651 345 1702 reliquarum
374 1653 545 1703 gentium
574 1660 614 1690 et
632 1653 842 1699 civitatum,
874 1654 1090 1703 adjecerat:
1127 1665 1184 1694 at·

45 1725 121 1762 que
139 1726 240 1759 eum,
255 1726 373 1764 quem
388 1726 505 1764 supra
523 1713 876 1760 demonstravimus,
896 1728 1096 1753 numerum
1115 1729 1185 1754 ex-

43 1771 226 1822 pleverat.

99 1831 147 1870 V.
199 1831 394 1871 Frumenti
420 1833 496 1870 vim
523 1834 728 1871 maximam
756 1847 806 1872 ex
834 1834 1044 1881 Thessalia,
1075 1837 1184 1884 Asin,

42 1892 246 1943 Aegypte,
283 1893 412 1938 Creta,
456 1894 631 1944 Cyrenis,
677 1895 910 1946 reliquisque
947 1897 1181 1947 regionibus,

38 1960 351 2002 cernpnraverat:
376 1953 548 1992 hiemare
568 1955 816 2006 Dyrrhachii,
839 1957 1080 2008 Apolloniae,
1101 1972 1182 1996 om-

37 2014 230 2063 nibusque
267 2014 414 2064 oppidis
449 2016 660 2062 maritimis,
695 2017 960 2063 constituerat,
998 2026 1040 2056 ut
1076 2032 1180 2058 mare

45 2073 246 2110 Caesarem
265 2073 425 2112 transire
442 2075 683 2125 prohiberet;
702 2079 861 2127 ejusque
880 2078 935 2115 rei
951 2091 1084 2116 caussa
1102 2092 1183 2116 om-

37 2132 83 2170 ni
97 2142 168 2170 ora
188 2134 380 2171 maritima
406 2135 563 2173 classem
592 2135 845 2186 disposuerat.
901 2137 1082 2176 Praeerat
1104 2141 1183 2177 Ae-

39 2192 186 2244 gyptiis
204 2194 362 2232 navibus
382 2194 587 2246 Pompeius
602 2196 720 2241 filius;
743 2198 924 2236 Asiaticis
941 2199 991 2236 D.
1013 2199 1182 2246 Laelius,

40 2261 84 2293 et
102 2254 148 2292 C.
167 2253 360 2300 Triarium
387 2255 554 2308 Syriacis
573 2257 618 2296 C.
637 2257 814 2305 Cassiu53
832 2258 995 2297 Rhodiis
1010 2259 1055 2298 C.
1076 2259 1182 2298 Mare
