<?xml version="1.0" encoding="UTF-8"?>
<!DOCTYPE html PUBLIC "-//W3C//DTD XHTML 1.0 Transitional//EN"
    "http://www.w3.org/TR/xhtml1/DTD/xhtml1-transitional.dtd">
<html xmlns="http://www.w3.org/1999/xhtml" xml:lang="en" lang="en">
 <head>
  <title>
</title>
<meta http-equiv="Content-Type" content="text/html;charset=utf-8" />
  <meta name='ocr-system' content='tesseract 3.04.00' />
  <meta name='ocr-capabilities' content='ocr_page ocr_carea ocr_par ocr_line ocrx_word'/>
</head>
<body>
  <div class='ocr_page' id='page_1' title='image "./debellogallicoet02caesuoft_0230.png"; bbox 0 0 1472 2664; ppageno 0'>
   <div class='ocr_carea' id='block_1_1' title="bbox 248 249 944 292">
    <p class='ocr_par' dir='ltr' id='par_1_1' title="bbox 248 249 944 292">
     <span class='ocr_line' id='line_1_1' title="bbox 248 249 944 292; baseline -0.004 0"><span class='ocrx_word' id='word_1_1' title='bbox 248 256 321 292; x_wconf 73' lang='lat'><strong>202</strong></span> <span class='ocrx_word' id='word_1_2' title='bbox 678 255 727 290; x_wconf 75' lang='lat' dir='ltr'><strong>A.</strong></span> <span class='ocrx_word' id='word_1_3' title='bbox 768 249 944 290; x_wconf 80' lang='lat' dir='ltr'>HIRTII</span> 
     </span>
    </p>
   </div>
   <div class='ocr_carea' id='block_1_2' title="bbox 228 355 1385 2345">
    <p class='ocr_par' dir='ltr' id='par_1_2' title="bbox 239 355 1381 708">
     <span class='ocr_line' id='line_1_2' title="bbox 245 355 1378 407; baseline 0.002 -15"><span class='ocrx_word' id='word_1_4' title='bbox 245 368 338 406; x_wconf 89' lang='lat' dir='ltr'><strong>rupe</strong></span> <span class='ocrx_word' id='word_1_5' title='bbox 357 355 522 406; x_wconf 88' lang='lat' dir='ltr'><strong>prodire,</strong></span> <span class='ocrx_word' id='word_1_6' title='bbox 550 362 589 392; x_wconf 92' lang='lat' dir='ltr'><strong>et</strong></span> <span class='ocrx_word' id='word_1_7' title='bbox 607 368 754 393; x_wconf 87' lang='lat' dir='ltr'><strong>summa</strong></span> <span class='ocrx_word' id='word_1_8' title='bbox 777 363 909 406; x_wconf 88' lang='lat' dir='ltr'><strong>petere</strong></span> <span class='ocrx_word' id='word_1_9' title='bbox 937 355 1064 393; x_wconf 87' lang='lat' dir='ltr'><strong>collis:</strong></span> <span class='ocrx_word' id='word_1_10' title='bbox 1093 368 1186 407; x_wconf 90' lang='lat' dir='ltr'><strong>quos</strong></span> <span class='ocrx_word' id='word_1_11' title='bbox 1206 357 1378 394; x_wconf 82' lang='lat' dir='ltr'>Caesaris</span> 
     </span>
     <span class='ocr_line' id='line_1_3' title="bbox 243 415 1377 467; baseline 0.001 -14"><span class='ocrx_word' id='word_1_12' title='bbox 243 415 390 466; x_wconf 86' lang='lat' dir='ltr'><strong>equites</strong></span> <span class='ocrx_word' id='word_1_13' title='bbox 417 417 627 463; x_wconf 85' lang='lat' dir='ltr'><strong>consecuti,</strong></span> <span class='ocrx_word' id='word_1_14' title='bbox 647 417 782 467; x_wconf 86' lang='lat' dir='ltr'><strong>partim</strong></span> <span class='ocrx_word' id='word_1_15' title='bbox 801 415 1091 462; x_wconf 87' lang='lat' dir='ltr'><strong>interfecerunt,</strong></span> <span class='ocrx_word' id='word_1_16' title='bbox 1118 417 1255 467; x_wconf 90' lang='lat' dir='ltr'><strong>partim</strong></span> <span class='ocrx_word' id='word_1_17' title='bbox 1274 417 1377 455; x_wconf 89' lang='lat' dir='ltr'><strong>vivo-</strong></span> 
     </span>
     <span class='ocr_line' id='line_1_4' title="bbox 243 476 1381 527; baseline 0.002 -14"><span class='ocrx_word' id='word_1_18' title='bbox 243 490 327 513; x_wconf 91' lang='lat' dir='ltr'><strong>rum</strong></span> <span class='ocrx_word' id='word_1_19' title='bbox 352 484 440 514; x_wconf 89' lang='lat' dir='ltr'><strong>sunt</strong></span> <span class='ocrx_word' id='word_1_20' title='bbox 457 477 590 527; x_wconf 90' lang='lat' dir='ltr'><strong>potiti;</strong></span> <span class='ocrx_word' id='word_1_21' title='bbox 620 476 759 513; x_wconf 90' lang='lat' dir='ltr'><strong>deinde</strong></span> <span class='ocrx_word' id='word_1_22' title='bbox 782 476 954 526; x_wconf 87' lang='lat' dir='ltr'><strong>protinus</strong></span> <span class='ocrx_word' id='word_1_23' title='bbox 983 476 1118 514; x_wconf 87' lang='lat' dir='ltr'><strong>collem</strong></span> <span class='ocrx_word' id='word_1_24' title='bbox 1138 485 1269 527; x_wconf 84' lang='lat' dir='ltr'><strong>petere</strong></span> <span class='ocrx_word' id='word_1_25' title='bbox 1289 490 1381 515; x_wconf 92' lang='lat' dir='ltr'><strong>con-</strong></span> 
     </span>
     <span class='ocr_line' id='line_1_5' title="bbox 239 536 1377 587; baseline 0.002 -13"><span class='ocrx_word' id='word_1_26' title='bbox 239 537 460 583; x_wconf 86' lang='lat' dir='ltr'><strong>tenderunt,</strong></span> <span class='ocrx_word' id='word_1_27' title='bbox 479 543 593 587; x_wconf 84' lang='lat' dir='ltr'><strong>atque</strong></span> <span class='ocrx_word' id='word_1_28' title='bbox 613 549 713 583; x_wconf 90' lang='lat' dir='ltr'><strong>eum,</strong></span> <span class='ocrx_word' id='word_1_29' title='bbox 732 536 894 574; x_wconf 83' lang='lat' dir='ltr'><strong>decusso</strong></span> <span class='ocrx_word' id='word_1_30' title='bbox 913 536 1072 574; x_wconf 86' lang='lat' dir='ltr'>Labieni</span> <span class='ocrx_word' id='word_1_31' title='bbox 1092 538 1294 587; x_wconf 86' lang='lat' dir='ltr'><strong>praesidio,</strong></span> <span class='ocrx_word' id='word_1_32' title='bbox 1313 551 1377 576; x_wconf 86' lang='lat' dir='ltr'><strong>ce-</strong></span> 
     </span>
     <span class='ocr_line' id='line_1_6' title="bbox 239 597 1378 650; baseline 0.002 -16"><span class='ocrx_word' id='word_1_33' title='bbox 239 597 369 635; x_wconf 89' lang='lat' dir='ltr'><strong>leriter</strong></span> <span class='ocrx_word' id='word_1_34' title='bbox 396 605 692 647; x_wconf 87' lang='lat' dir='ltr'><strong>occupaverunt.</strong></span> <span class='ocrx_word' id='word_1_35' title='bbox 745 597 938 635; x_wconf 83' lang='lat' dir='ltr'><strong>Labienus</strong></span> <span class='ocrx_word' id='word_1_36' title='bbox 958 610 1046 635; x_wconf 89' lang='lat' dir='ltr'><strong>cum</strong></span> <span class='ocrx_word' id='word_1_37' title='bbox 1074 606 1180 649; x_wconf 87' lang='lat' dir='ltr'><strong>parte</strong></span> <span class='ocrx_word' id='word_1_38' title='bbox 1206 599 1378 650; x_wconf 89' lang='lat' dir='ltr'><strong>equitum</strong></span> 
     </span>
     <span class='ocr_line' id='line_1_7' title="bbox 239 657 858 708; baseline 0.003 -15"><span class='ocrx_word' id='word_1_39' title='bbox 239 657 302 694; x_wconf 87' lang='lat' dir='ltr'><strong>vix</strong></span> <span class='ocrx_word' id='word_1_40' title='bbox 323 657 414 708; x_wconf 86' lang='lat' dir='ltr'><strong>fuga</strong></span> <span class='ocrx_word' id='word_1_41' title='bbox 431 658 500 695; x_wconf 92' lang='lat' dir='ltr'><strong>sibi</strong></span> <span class='ocrx_word' id='word_1_42' title='bbox 520 659 668 708; x_wconf 87' lang='lat' dir='ltr'>peperit</span> <span class='ocrx_word' id='word_1_43' title='bbox 687 658 858 708; x_wconf 81' lang='lat' dir='ltr'><strong>salutem.</strong></span> 
     </span>
    </p>

    <p class='ocr_par' dir='ltr' id='par_1_3' title="bbox 229 716 1385 2090">
     <span class='ocr_line' id='line_1_8' title="bbox 291 716 1380 769; baseline 0.003 -15"><span class='ocrx_word' id='word_1_44' title='bbox 291 716 358 754; x_wconf 89' lang='lat' dir='ltr'><strong>LI.</strong></span> <span class='ocrx_word' id='word_1_45' title='bbox 413 717 501 756; x_wconf 89' lang='lat' dir='ltr'><strong>Hac</strong></span> <span class='ocrx_word' id='word_1_46' title='bbox 519 731 559 755; x_wconf 86' lang='lat' dir='ltr'><strong>re</strong></span> <span class='ocrx_word' id='word_1_47' title='bbox 586 731 655 768; x_wconf 88' lang='lat' dir='ltr'><strong>per</strong></span> <span class='ocrx_word' id='word_1_48' title='bbox 673 718 822 769; x_wconf 82' lang='lat' dir='ltr'>equites</span> <span class='ocrx_word' id='word_1_49' title='bbox 849 725 972 769; x_wconf 84' lang='lat' dir='ltr'><strong>gesta,</strong></span> <span class='ocrx_word' id='word_1_50' title='bbox 1002 718 1144 756; x_wconf 88' lang='lat' dir='ltr'><strong>Caesar</strong></span> <span class='ocrx_word' id='word_1_51' title='bbox 1163 719 1380 769; x_wconf 86' lang='lat' dir='ltr'>legionibus</span> 
     </span>
     <span class='ocr_line' id='line_1_9' title="bbox 241 778 1383 830; baseline 0.003 -15"><span class='ocrx_word' id='word_1_52' title='bbox 241 786 358 829; x_wconf 85' lang='lat' dir='ltr'><strong>opera</strong></span> <span class='ocrx_word' id='word_1_53' title='bbox 376 778 581 824; x_wconf 86' lang='lat' dir='ltr'><strong>distribuit,</strong></span> <span class='ocrx_word' id='word_1_54' title='bbox 612 786 727 829; x_wconf 86' lang='lat' dir='ltr'><strong>atque</strong></span> <span class='ocrx_word' id='word_1_55' title='bbox 756 779 793 814; x_wconf 92' lang='lat' dir='ltr'><strong>in</strong></span> <span class='ocrx_word' id='word_1_56' title='bbox 813 791 859 815; x_wconf 93' lang='lat' dir='ltr'><strong>eo</strong></span> <span class='ocrx_word' id='word_1_57' title='bbox 879 779 990 824; x_wconf 79' lang='lat' dir='ltr'><strong>colle,</strong></span> <span class='ocrx_word' id='word_1_58' title='bbox 1020 791 1094 828; x_wconf 94' lang='lat' dir='ltr'><strong>quo</strong></span> <span class='ocrx_word' id='word_1_59' title='bbox 1114 786 1196 817; x_wconf 88' lang='lat' dir='ltr'><strong>erat</strong></span> <span class='ocrx_word' id='word_1_60' title='bbox 1222 780 1383 830; x_wconf 89' lang='lat' dir='ltr'><strong>potitus,</strong></span> 
     </span>
     <span class='ocr_line' id='line_1_10' title="bbox 239 839 1382 891; baseline 0.002 -15"><span class='ocrx_word' id='word_1_61' title='bbox 239 846 363 876; x_wconf 86' lang='lat' dir='ltr'><strong>castra</strong></span> <span class='ocrx_word' id='word_1_62' title='bbox 387 839 560 877; x_wconf 83' lang='lat' dir='ltr'><strong>munivit.</strong></span> <span class='ocrx_word' id='word_1_63' title='bbox 604 839 757 877; x_wconf 87' lang='lat' dir='ltr'><strong>Deinde</strong></span> <span class='ocrx_word' id='word_1_64' title='bbox 783 839 829 876; x_wconf 86' lang='lat' dir='ltr'><strong>ab</strong></span> <span class='ocrx_word' id='word_1_65' title='bbox 857 840 934 876; x_wconf 88' lang='lat' dir='ltr'><strong>suis</strong></span> <span class='ocrx_word' id='word_1_66' title='bbox 958 840 1132 877; x_wconf 81' lang='lat' dir='ltr'><strong>maximis</strong></span> <span class='ocrx_word' id='word_1_67' title='bbox 1153 841 1285 877; x_wconf 83' lang='lat' dir='ltr'><strong>castris</strong></span> <span class='ocrx_word' id='word_1_68' title='bbox 1312 854 1382 891; x_wconf 89' lang='lat' dir='ltr'><strong>per</strong></span> 
     </span>
     <span class='ocr_line' id='line_1_11' title="bbox 238 899 1382 950; baseline 0.001 -13"><span class='ocrx_word' id='word_1_69' title='bbox 238 900 404 938; x_wconf 86' lang='lat' dir='ltr'><strong>medium</strong></span> <span class='ocrx_word' id='word_1_70' title='bbox 426 913 616 950; x_wconf 83' lang='lat' dir='ltr'><strong>campum,</strong></span> <span class='ocrx_word' id='word_1_71' title='bbox 635 913 656 937; x_wconf 88' lang='lat' dir='ltr'><strong>e</strong></span> <span class='ocrx_word' id='word_1_72' title='bbox 671 900 827 949; x_wconf 80' lang='lat' dir='ltr'><strong>regione</strong></span> <span class='ocrx_word' id='word_1_73' title='bbox 844 899 974 950; x_wconf 81' lang='lat' dir='ltr'><strong>oppidi</strong></span> <span class='ocrx_word' id='word_1_74' title='bbox 990 899 1142 945; x_wconf 64' lang='lat' dir='ltr'><strong>Uzittae,</strong></span> <span class='ocrx_word' id='word_1_75' title='bbox 1162 900 1265 950; x_wconf 87' lang='lat' dir='ltr'><strong>quod</strong></span> <span class='ocrx_word' id='word_1_76' title='bbox 1280 900 1382 938; x_wconf 86' lang='lat' dir='ltr'><strong>inter</strong></span> 
     </span>
     <span class='ocr_line' id='line_1_12' title="bbox 238 960 1384 1012; baseline 0.001 -14"><span class='ocrx_word' id='word_1_77' title='bbox 238 973 306 998; x_wconf 85' lang='lat' dir='ltr'><strong>sua</strong></span> <span class='ocrx_word' id='word_1_78' title='bbox 321 968 457 1006; x_wconf 86' lang='lat' dir='ltr'><strong>castra,</strong></span> <span class='ocrx_word' id='word_1_79' title='bbox 477 968 516 998; x_wconf 85' lang='lat' dir='ltr'><strong>et</strong></span> <span class='ocrx_word' id='word_1_80' title='bbox 530 960 732 1012; x_wconf 85' lang='lat' dir='ltr'><strong>Scipionis,</strong></span> <span class='ocrx_word' id='word_1_81' title='bbox 754 960 792 996; x_wconf 89' lang='lat' dir='ltr'><strong>in</strong></span> <span class='ocrx_word' id='word_1_82' title='bbox 808 960 965 1010; x_wconf 79' lang='lat' dir='ltr'><strong>planitie</strong></span> <span class='ocrx_word' id='word_1_83' title='bbox 981 960 1145 1010; x_wconf 87' lang='lat' dir='ltr'><strong>positum</strong></span> <span class='ocrx_word' id='word_1_84' title='bbox 1161 968 1257 1007; x_wconf 82' lang='lat' dir='ltr'><strong>erat,</strong></span> <span class='ocrx_word' id='word_1_85' title='bbox 1275 968 1384 999; x_wconf 86' lang='lat' dir='ltr'><strong>tene·</strong></span> 
     </span>
     <span class='ocr_line' id='line_1_13' title="bbox 238 1019 1384 1072; baseline 0 -12"><span class='ocrx_word' id='word_1_86' title='bbox 238 1022 461 1072; x_wconf 83' lang='lat' dir='ltr'><strong>baturquea</strong></span> <span class='ocrx_word' id='word_1_87' title='bbox 481 1020 674 1071; x_wconf 86' lang='lat' dir='ltr'><strong>Scipione,</strong></span> <span class='ocrx_word' id='word_1_88' title='bbox 694 1020 770 1057; x_wconf 85' lang='lat' dir='ltr'><strong>duo</strong></span> <span class='ocrx_word' id='word_1_89' title='bbox 791 1019 949 1058; x_wconf 85' lang='lat' dir='ltr'><strong>brachia</strong></span> <span class='ocrx_word' id='word_1_90' title='bbox 966 1020 1129 1058; x_wconf 83' lang='lat' dir='ltr'><strong>instituit</strong></span> <span class='ocrx_word' id='word_1_91' title='bbox 1148 1021 1251 1066; x_wconf 91' lang='lat' dir='ltr'><strong>duci,</strong></span> <span class='ocrx_word' id='word_1_92' title='bbox 1272 1029 1311 1060; x_wconf 92' lang='lat' dir='ltr'><strong>et</strong></span> <span class='ocrx_word' id='word_1_93' title='bbox 1330 1023 1384 1060; x_wconf 88' lang='lat' dir='ltr'><strong>ita</strong></span> 
     </span>
     <span class='ocr_line' id='line_1_14' title="bbox 238 1080 1382 1133; baseline 0.001 -13"><span class='ocrx_word' id='word_1_94' title='bbox 238 1082 401 1133; x_wconf 88' lang='lat' dir='ltr'><strong>erigere,</strong></span> <span class='ocrx_word' id='word_1_95' title='bbox 430 1089 472 1119; x_wconf 91' lang='lat' dir='ltr'><strong>ut</strong></span> <span class='ocrx_word' id='word_1_96' title='bbox 502 1082 551 1119; x_wconf 88' lang='lat' dir='ltr'><strong>ad</strong></span> <span class='ocrx_word' id='word_1_97' title='bbox 582 1081 766 1132; x_wconf 82' lang='lat' dir='ltr'><strong>angulum</strong></span> <span class='ocrx_word' id='word_1_98' title='bbox 795 1081 973 1118; x_wconf 84' lang='lat' dir='ltr'><strong>dextrum</strong></span> <span class='ocrx_word' id='word_1_99' title='bbox 1003 1080 1273 1132; x_wconf 85' lang='lat' dir='ltr'><strong>sinistrumque</strong></span> <span class='ocrx_word' id='word_1_100' title='bbox 1300 1085 1382 1132; x_wconf 82' lang='lat' dir='ltr'><strong>ejus</strong></span> 
     </span>
     <span class='ocr_line' id='line_1_15' title="bbox 239 1142 1385 1194; baseline -0.001 -13"><span class='ocrx_word' id='word_1_101' title='bbox 239 1143 368 1194; x_wconf 89' lang='lat' dir='ltr'><strong>oppidi</strong></span> <span class='ocrx_word' id='word_1_102' title='bbox 398 1143 660 1181; x_wconf 88' lang='lat' dir='ltr'><strong>convenirent.</strong></span> <span class='ocrx_word' id='word_1_103' title='bbox 714 1142 760 1179; x_wconf 90' lang='lat' dir='ltr'><strong>Id</strong></span> <span class='ocrx_word' id='word_1_104' title='bbox 778 1142 851 1179; x_wconf 81' lang='lat' dir='ltr'><strong>hac</strong></span> <span class='ocrx_word' id='word_1_105' title='bbox 871 1142 1018 1179; x_wconf 87' lang='lat' dir='ltr'><strong>ratione</strong></span> <span class='ocrx_word' id='word_1_106' title='bbox 1039 1155 1133 1192; x_wconf 88' lang='lat' dir='ltr'><strong>opus</strong></span> <span class='ocrx_word' id='word_1_107' title='bbox 1153 1142 1385 1188; x_wconf 84' lang='lat' dir='ltr'><strong>instruebat,</strong></span> 
     </span>
     <span class='ocr_line' id='line_1_16' title="bbox 237 1202 1383 1255; baseline -0.001 -13"><span class='ocrx_word' id='word_1_108' title='bbox 237 1208 293 1250; x_wconf 74' lang='lat' dir='ltr'><strong>ut,</strong></span> <span class='ocrx_word' id='word_1_109' title='bbox 314 1217 429 1255; x_wconf 91' lang='lat' dir='ltr'><strong>quum</strong></span> <span class='ocrx_word' id='word_1_110' title='bbox 448 1203 604 1254; x_wconf 88' lang='lat' dir='ltr'><strong>propius</strong></span> <span class='ocrx_word' id='word_1_111' title='bbox 623 1202 805 1253; x_wconf 88' lang='lat' dir='ltr'><strong>oppidum</strong></span> <span class='ocrx_word' id='word_1_112' title='bbox 825 1202 953 1252; x_wconf 81' lang='lat' dir='ltr'><strong>copIas</strong></span> <span class='ocrx_word' id='word_1_113' title='bbox 972 1202 1213 1249; x_wconf 80' lang='lat' dir='ltr'><strong>admovisset,</strong></span> <span class='ocrx_word' id='word_1_114' title='bbox 1233 1216 1383 1254; x_wconf 89' lang='lat' dir='ltr'><strong>oppug-</strong></span> 
     </span>
     <span class='ocr_line' id='line_1_17' title="bbox 236 1263 1382 1316; baseline -0.001 -14"><span class='ocrx_word' id='word_1_115' title='bbox 236 1277 403 1316; x_wconf 82' lang='lat' dir='ltr'><strong>nareque</strong></span> <span class='ocrx_word' id='word_1_116' title='bbox 423 1264 625 1315; x_wconf 80' lang='lat' dir='ltr'><strong>coepisset,</strong></span> <span class='ocrx_word' id='word_1_117' title='bbox 651 1271 758 1301; x_wconf 85' lang='lat' dir='ltr'><strong>tecta</strong></span> <span class='ocrx_word' id='word_1_118' title='bbox 776 1263 898 1300; x_wconf 81' lang='lat' dir='ltr'><strong>latera</strong></span> <span class='ocrx_word' id='word_1_119' title='bbox 924 1263 1002 1300; x_wconf 88' lang='lat' dir='ltr'><strong>suis</strong></span> <span class='ocrx_word' id='word_1_120' title='bbox 1022 1263 1296 1300; x_wconf 86' lang='lat' dir='ltr'><strong>munitionibus</strong></span> <span class='ocrx_word' id='word_1_121' title='bbox 1315 1264 1382 1301; x_wconf 86' lang='lat' dir='ltr'><strong>ha-</strong></span> 
     </span>
     <span class='ocr_line' id='line_1_18' title="bbox 236 1322 1380 1374; baseline 0 -12"><span class='ocrx_word' id='word_1_122' title='bbox 236 1325 361 1371; x_wconf 84' lang='lat' dir='ltr'><strong>beret,</strong></span> <span class='ocrx_word' id='word_1_123' title='bbox 380 1337 442 1370; x_wconf 91' lang='lat' dir='ltr'><strong>ne,</strong></span> <span class='ocrx_word' id='word_1_124' title='bbox 462 1324 510 1361; x_wconf 87' lang='lat' dir='ltr'><strong>ab</strong></span> <span class='ocrx_word' id='word_1_125' title='bbox 530 1324 721 1374; x_wconf 82' lang='lat' dir='ltr'><strong>equitatus</strong></span> <span class='ocrx_word' id='word_1_126' title='bbox 741 1322 986 1360; x_wconf 78' lang='lat' dir='ltr'><strong>multitudine</strong></span> <span class='ocrx_word' id='word_1_127' title='bbox 1007 1323 1303 1370; x_wconf 88' lang='lat' dir='ltr'><strong>circumventus,</strong></span> <span class='ocrx_word' id='word_1_128' title='bbox 1331 1325 1380 1362; x_wconf 89' lang='lat' dir='ltr'><strong>ab</strong></span> 
     </span>
     <span class='ocr_line' id='line_1_19' title="bbox 236 1383 1379 1436; baseline -0.001 -13"><span class='ocrx_word' id='word_1_129' title='bbox 236 1385 520 1436; x_wconf 86' lang='lat' dir='ltr'><strong>oppugnatione</strong></span> <span class='ocrx_word' id='word_1_130' title='bbox 549 1383 831 1427; x_wconf 83' lang='lat' dir='ltr'><strong>deterreretur;</strong></span> <span class='ocrx_word' id='word_1_131' title='bbox 874 1391 1089 1433; x_wconf 85' lang='lat' dir='ltr'><strong>praeterea,</strong></span> <span class='ocrx_word' id='word_1_132' title='bbox 1117 1396 1193 1434; x_wconf 91' lang='lat' dir='ltr'><strong>quo</strong></span> <span class='ocrx_word' id='word_1_133' title='bbox 1228 1384 1379 1422; x_wconf 84' lang='lat' dir='ltr'><strong>facilius</strong></span> 
     </span>
     <span class='ocr_line' id='line_1_20' title="bbox 235 1443 1378 1497; baseline -0.002 -13"><span class='ocrx_word' id='word_1_134' title='bbox 235 1446 424 1497; x_wconf 83' lang='lat' dir='ltr'><strong>colloquia</strong></span> <span class='ocrx_word' id='word_1_135' title='bbox 442 1446 525 1484; x_wconf 85' lang='lat' dir='ltr'><strong>fieri</strong></span> <span class='ocrx_word' id='word_1_136' title='bbox 542 1452 712 1497; x_wconf 85' lang='lat' dir='ltr'><strong>possent,</strong></span> <span class='ocrx_word' id='word_1_137' title='bbox 732 1452 784 1490; x_wconf 90' lang='lat' dir='ltr'><strong>et,</strong></span> <span class='ocrx_word' id='word_1_138' title='bbox 804 1444 835 1481; x_wconf 91' lang='lat' dir='ltr'><strong>si</strong></span> <span class='ocrx_word' id='word_1_139' title='bbox 848 1444 911 1495; x_wconf 92' lang='lat' dir='ltr'><strong>qui</strong></span> <span class='ocrx_word' id='word_1_140' title='bbox 932 1443 1134 1495; x_wconf 79' lang='lat' dir='ltr'><strong>perfugere</strong></span> <span class='ocrx_word' id='word_1_141' title='bbox 1149 1444 1304 1490; x_wconf 89' lang='lat' dir='ltr'><strong>vellent,</strong></span> <span class='ocrx_word' id='word_1_142' title='bbox 1325 1445 1378 1491; x_wconf 93' lang='lat' dir='ltr'><strong>id,</strong></span> 
     </span>
     <span class='ocr_line' id='line_1_21' title="bbox 235 1505 1381 1558; baseline -0.001 -14"><span class='ocrx_word' id='word_1_143' title='bbox 235 1508 338 1558; x_wconf 87' lang='lat' dir='ltr'><strong>quod</strong></span> <span class='ocrx_word' id='word_1_144' title='bbox 363 1515 476 1545; x_wconf 85' lang='lat' dir='ltr'><strong>antea</strong></span> <span class='ocrx_word' id='word_1_145' title='bbox 502 1518 615 1557; x_wconf 87' lang='lat' dir='ltr'><strong>saepe</strong></span> <span class='ocrx_word' id='word_1_146' title='bbox 643 1505 836 1543; x_wconf 87' lang='lat' dir='ltr'><strong>acciderat</strong></span> <span class='ocrx_word' id='word_1_147' title='bbox 855 1516 992 1555; x_wconf 85' lang='lat' dir='ltr'><strong>magno</strong></span> <span class='ocrx_word' id='word_1_148' title='bbox 1012 1517 1101 1542; x_wconf 88' lang='lat' dir='ltr'><strong>cum</strong></span> <span class='ocrx_word' id='word_1_149' title='bbox 1131 1517 1263 1542; x_wconf 88' lang='lat' dir='ltr'><strong>eorum</strong></span> <span class='ocrx_word' id='word_1_150' title='bbox 1281 1507 1381 1556; x_wconf 88' lang='lat' dir='ltr'><strong>peri-</strong></span> 
     </span>
     <span class='ocr_line' id='line_1_22' title="bbox 234 1565 1380 1616; baseline -0.002 -10"><span class='ocrx_word' id='word_1_151' title='bbox 234 1569 335 1614; x_wconf 89' lang='lat' dir='ltr'><strong>culo,</strong></span> <span class='ocrx_word' id='word_1_152' title='bbox 354 1576 436 1605; x_wconf 88' lang='lat' dir='ltr'><strong>tum</strong></span> <span class='ocrx_word' id='word_1_153' title='bbox 454 1567 565 1605; x_wconf 86' lang='lat' dir='ltr'><strong>facile</strong></span> <span class='ocrx_word' id='word_1_154' title='bbox 585 1574 625 1604; x_wconf 91' lang='lat' dir='ltr'><strong>et</strong></span> <span class='ocrx_word' id='word_1_155' title='bbox 644 1566 724 1603; x_wconf 88' lang='lat' dir='ltr'><strong>sine</strong></span> <span class='ocrx_word' id='word_1_156' title='bbox 746 1565 916 1616; x_wconf 87' lang='lat' dir='ltr'><strong>periculo</strong></span> <span class='ocrx_word' id='word_1_157' title='bbox 937 1565 1061 1603; x_wconf 88' lang='lat' dir='ltr'><strong>fieret.</strong></span> <span class='ocrx_word' id='word_1_158' title='bbox 1115 1565 1246 1603; x_wconf 91' lang='lat' dir='ltr'><strong>Voluit</strong></span> <span class='ocrx_word' id='word_1_159' title='bbox 1266 1567 1380 1604; x_wconf 83' lang='lat' dir='ltr'><strong>etiam</strong></span> 
     </span>
     <span class='ocr_line' id='line_1_23' title="bbox 235 1627 1381 1680; baseline 0 -14"><span class='ocrx_word' id='word_1_160' title='bbox 235 1629 415 1680; x_wconf 85' lang='lat' dir='ltr'><strong>experiri,</strong></span> <span class='ocrx_word' id='word_1_161' title='bbox 435 1641 552 1679; x_wconf 89' lang='lat' dir='ltr'><strong>quum</strong></span> <span class='ocrx_word' id='word_1_162' title='bbox 572 1628 727 1678; x_wconf 88' lang='lat' dir='ltr'><strong>propius</strong></span> <span class='ocrx_word' id='word_1_163' title='bbox 742 1627 892 1664; x_wconf 88' lang='lat' dir='ltr'><strong>hostem</strong></span> <span class='ocrx_word' id='word_1_164' title='bbox 912 1627 1149 1672; x_wconf 77' lang='lat' dir='ltr'><strong>accessisset,</strong></span> <span class='ocrx_word' id='word_1_165' title='bbox 1169 1627 1381 1667; x_wconf 85' lang='lat' dir='ltr'><strong>haberetne</strong></span> 
     </span>
     <span class='ocr_line' id='line_1_24' title="bbox 233 1687 1380 1738; baseline 0 -12"><span class='ocrx_word' id='word_1_166' title='bbox 233 1689 272 1726; x_wconf 89' lang='lat' dir='ltr'><strong>in</strong></span> <span class='ocrx_word' id='word_1_167' title='bbox 287 1689 412 1726; x_wconf 87' lang='lat' dir='ltr'><strong>animo</strong></span> <span class='ocrx_word' id='word_1_168' title='bbox 427 1687 622 1725; x_wconf 84' lang='lat' dir='ltr'><strong>dimicare.</strong></span> <span class='ocrx_word' id='word_1_169' title='bbox 656 1687 884 1724; x_wconf 87' lang='lat' dir='ltr'><strong>Accedebat</strong></span> <span class='ocrx_word' id='word_1_170' title='bbox 899 1687 1012 1724; x_wconf 86' lang='lat' dir='ltr'><strong>etiam</strong></span> <span class='ocrx_word' id='word_1_171' title='bbox 1029 1687 1077 1724; x_wconf 86' lang='lat' dir='ltr'><strong>ad</strong></span> <span class='ocrx_word' id='word_1_172' title='bbox 1092 1687 1255 1738; x_wconf 85' lang='lat' dir='ltr'><strong>reliquas</strong></span> <span class='ocrx_word' id='word_1_173' title='bbox 1271 1701 1380 1726; x_wconf 86' lang='lat' dir='ltr'><strong>caus-</strong></span> 
     </span>
     <span class='ocr_line' id='line_1_25' title="bbox 233 1748 1377 1800; baseline -0.001 -13"><span class='ocrx_word' id='word_1_174' title='bbox 233 1761 306 1796; x_wconf 82' lang='lat' dir='ltr'><strong>saS,</strong></span> <span class='ocrx_word' id='word_1_175' title='bbox 322 1749 425 1800; x_wconf 90' lang='lat' dir='ltr'><strong>quod</strong></span> <span class='ocrx_word' id='word_1_176' title='bbox 441 1749 470 1786; x_wconf 89' lang='lat' dir='ltr'><strong>is</strong></span> <span class='ocrx_word' id='word_1_177' title='bbox 483 1749 591 1790; x_wconf 83' lang='lat' dir='ltr'><strong>locus</strong></span> <span class='ocrx_word' id='word_1_178' title='bbox 606 1748 808 1798; x_wconf 87' lang='lat' dir='ltr'><strong>depressus</strong></span> <span class='ocrx_word' id='word_1_179' title='bbox 823 1754 918 1793; x_wconf 87' lang='lat' dir='ltr'><strong>erat,</strong></span> <span class='ocrx_word' id='word_1_180' title='bbox 937 1748 1120 1798; x_wconf 88' lang='lat' dir='ltr'><strong>puteique</strong></span> <span class='ocrx_word' id='word_1_181' title='bbox 1136 1748 1186 1785; x_wconf 91' lang='lat' dir='ltr'><strong>ibi</strong></span> <span class='ocrx_word' id='word_1_182' title='bbox 1203 1749 1377 1799; x_wconf 89' lang='lat' dir='ltr'><strong>complu-</strong></span> 
     </span>
     <span class='ocr_line' id='line_1_26' title="bbox 232 1808 1380 1861; baseline -0.001 -13"><span class='ocrx_word' id='word_1_183' title='bbox 232 1823 292 1849; x_wconf 88' lang='lat' dir='ltr'><strong>res</strong></span> <span class='ocrx_word' id='word_1_184' title='bbox 310 1810 391 1848; x_wconf 88' lang='lat' dir='ltr'><strong>fieri</strong></span> <span class='ocrx_word' id='word_1_185' title='bbox 406 1815 605 1861; x_wconf 81' lang='lat' dir='ltr'><strong>poterant:</strong></span> <span class='ocrx_word' id='word_1_186' title='bbox 627 1808 830 1859; x_wconf 87' lang='lat' dir='ltr'><strong>aquatione</strong></span> <span class='ocrx_word' id='word_1_187' title='bbox 847 1808 947 1845; x_wconf 88' lang='lat' dir='ltr'><strong>enirn</strong></span> <span class='ocrx_word' id='word_1_188' title='bbox 968 1808 1083 1858; x_wconf 81' lang='lat' dir='ltr'><strong>longa</strong></span> <span class='ocrx_word' id='word_1_189' title='bbox 1097 1815 1136 1846; x_wconf 90' lang='lat' dir='ltr'><strong>et</strong></span> <span class='ocrx_word' id='word_1_190' title='bbox 1156 1817 1319 1859; x_wconf 82' lang='lat' dir='ltr'><strong>angusta</strong></span> <span class='ocrx_word' id='word_1_191' title='bbox 1337 1823 1380 1847; x_wconf 91' lang='lat' dir='ltr'><strong>u·</strong></span> 
     </span>
     <span class='ocr_line' id='line_1_27' title="bbox 233 1869 1380 1920; baseline -0.001 -11"><span class='ocrx_word' id='word_1_192' title='bbox 233 1873 423 1910; x_wconf 88' lang='lat' dir='ltr'><strong>tebantur.</strong></span> <span class='ocrx_word' id='word_1_193' title='bbox 460 1870 565 1907; x_wconf 88' lang='lat' dir='ltr'><strong>Dum</strong></span> <span class='ocrx_word' id='word_1_194' title='bbox 579 1870 676 1908; x_wconf 87' lang='lat' dir='ltr'><strong>haec</strong></span> <span class='ocrx_word' id='word_1_195' title='bbox 692 1881 821 1920; x_wconf 85' lang='lat' dir='ltr'><strong>opera,</strong></span> <span class='ocrx_word' id='word_1_196' title='bbox 840 1881 938 1919; x_wconf 88' lang='lat' dir='ltr'><strong>quae</strong></span> <span class='ocrx_word' id='word_1_197' title='bbox 953 1876 1068 1906; x_wconf 83' lang='lat' dir='ltr'><strong>antea</strong></span> <span class='ocrx_word' id='word_1_198' title='bbox 1082 1869 1177 1915; x_wconf 88' lang='lat' dir='ltr'><strong>dixi,</strong></span> <span class='ocrx_word' id='word_1_199' title='bbox 1195 1870 1338 1908; x_wconf 86' lang='lat' dir='ltr'><strong>fiebant</strong></span> <span class='ocrx_word' id='word_1_200' title='bbox 1357 1884 1380 1908; x_wconf 85' lang='lat' dir='ltr'><strong>a</strong></span> 
     </span>
     <span class='ocr_line' id='line_1_28' title="bbox 231 1929 1379 1982; baseline 0 -14"><span class='ocrx_word' id='word_1_201' title='bbox 231 1931 460 1982; x_wconf 84' lang='lat' dir='ltr'><strong>legionibus,</strong></span> <span class='ocrx_word' id='word_1_202' title='bbox 485 1930 636 1968; x_wconf 86' lang='lat' dir='ltr'><strong>interim</strong></span> <span class='ocrx_word' id='word_1_203' title='bbox 656 1942 743 1981; x_wconf 87' lang='lat' dir='ltr'><strong>pars</strong></span> <span class='ocrx_word' id='word_1_204' title='bbox 771 1929 853 1966; x_wconf 86' lang='lat' dir='ltr'><strong>acie</strong></span> <span class='ocrx_word' id='word_1_205' title='bbox 873 1935 962 1966; x_wconf 88' lang='lat' dir='ltr'><strong>ante</strong></span> <span class='ocrx_word' id='word_1_206' title='bbox 981 1941 1077 1980; x_wconf 90' lang='lat' dir='ltr'><strong>opus</strong></span> <span class='ocrx_word' id='word_1_207' title='bbox 1104 1930 1290 1968; x_wconf 86' lang='lat' dir='ltr'><strong>instructa</strong></span> <span class='ocrx_word' id='word_1_208' title='bbox 1308 1932 1379 1968; x_wconf 90' lang='lat' dir='ltr'><strong>sub</strong></span> 
     </span>
     <span class='ocr_line' id='line_1_29' title="bbox 230 1989 1376 2044; baseline 0.002 -15"><span class='ocrx_word' id='word_1_209' title='bbox 230 1992 340 2029; x_wconf 89' lang='lat' dir='ltr'><strong>hoste</strong></span> <span class='ocrx_word' id='word_1_210' title='bbox 355 1992 491 2029; x_wconf 85' lang='lat' dir='ltr'><strong>stabat.</strong></span> <span class='ocrx_word' id='word_1_211' title='bbox 519 1990 679 2042; x_wconf 90' lang='lat' dir='ltr'><strong>Equites</strong></span> <span class='ocrx_word' id='word_1_212' title='bbox 694 1989 843 2028; x_wconf 89' lang='lat' dir='ltr'><strong>barbari</strong></span> <span class='ocrx_word' id='word_1_213' title='bbox 857 1989 1025 2041; x_wconf 88' lang='lat' dir='ltr'><strong>levisque</strong></span> <span class='ocrx_word' id='word_1_214' title='bbox 1041 1998 1255 2030; x_wconf 85' lang='lat' dir='ltr'><strong>armaturae</strong></span> <span class='ocrx_word' id='word_1_215' title='bbox 1266 2005 1376 2044; x_wconf 87' lang='lat' dir='ltr'><strong>proe-</strong></span> 
     </span>
     <span class='ocr_line' id='line_1_30' title="bbox 229 2050 962 2090; baseline -0.003 -1"><span class='ocrx_word' id='word_1_216' title='bbox 229 2052 288 2090; x_wconf 89' lang='lat' dir='ltr'><strong>liis</strong></span> <span class='ocrx_word' id='word_1_217' title='bbox 307 2052 462 2089; x_wconf 84' lang='lat' dir='ltr'><strong>minutis</strong></span> <span class='ocrx_word' id='word_1_218' title='bbox 483 2051 696 2089; x_wconf 89' lang='lat' dir='ltr'><strong>comminus</strong></span> <span class='ocrx_word' id='word_1_219' title='bbox 716 2050 962 2088; x_wconf 85' lang='lat' dir='ltr'><strong>dimicabant.</strong></span> 
     </span>
    </p>

    <p class='ocr_par' dir='ltr' id='par_1_4' title="bbox 228 2111 1377 2345">
     <span class='ocr_line' id='line_1_31' title="bbox 278 2111 1377 2164; baseline 0.002 -15"><span class='ocrx_word' id='word_1_220' title='bbox 278 2111 369 2149; x_wconf 87' lang='lat' dir='ltr'><strong>LII.</strong></span> <span class='ocrx_word' id='word_1_221' title='bbox 423 2112 566 2149; x_wconf 84' lang='lat' dir='ltr'><strong>Caesar</strong></span> <span class='ocrx_word' id='word_1_222' title='bbox 584 2111 631 2148; x_wconf 85' lang='lat' dir='ltr'><strong>ab</strong></span> <span class='ocrx_word' id='word_1_223' title='bbox 651 2123 698 2147; x_wconf 90' lang='lat' dir='ltr'><strong>eo</strong></span> <span class='ocrx_word' id='word_1_224' title='bbox 718 2122 833 2161; x_wconf 87' lang='lat' dir='ltr'><strong>opere</strong></span> <span class='ocrx_word' id='word_1_225' title='bbox 854 2123 971 2161; x_wconf 87' lang='lat' dir='ltr'><strong>quum</strong></span> <span class='ocrx_word' id='word_1_226' title='bbox 986 2112 1065 2161; x_wconf 85' lang='lat' dir='ltr'><strong>jam</strong></span> <span class='ocrx_word' id='word_1_227' title='bbox 1084 2113 1154 2150; x_wconf 90' lang='lat' dir='ltr'><strong>sub</strong></span> <span class='ocrx_word' id='word_1_228' title='bbox 1174 2125 1377 2164; x_wconf 88' lang='lat' dir='ltr'><strong>vesperum</strong></span> 
     </span>
     <span class='ocr_line' id='line_1_32' title="bbox 229 2171 1375 2223; baseline 0.001 -13"><span class='ocrx_word' id='word_1_229' title='bbox 229 2172 358 2223; x_wconf 87' lang='lat' dir='ltr'><strong>copias</strong></span> <span class='ocrx_word' id='word_1_230' title='bbox 377 2171 415 2208; x_wconf 90' lang='lat' dir='ltr'><strong>in</strong></span> <span class='ocrx_word' id='word_1_231' title='bbox 435 2178 559 2209; x_wconf 87' lang='lat' dir='ltr'><strong>castra</strong></span> <span class='ocrx_word' id='word_1_232' title='bbox 577 2171 801 2214; x_wconf 87' lang='lat' dir='ltr'><strong>reduceret;</strong></span> <span class='ocrx_word' id='word_1_233' title='bbox 828 2183 968 2221; x_wconf 88' lang='lat' dir='ltr'><strong>magno</strong></span> <span class='ocrx_word' id='word_1_234' title='bbox 988 2171 1158 2219; x_wconf 88' lang='lat' dir='ltr'><strong>incursu,</strong></span> <span class='ocrx_word' id='word_1_235' title='bbox 1187 2186 1275 2210; x_wconf 89' lang='lat' dir='ltr'><strong>cum</strong></span> <span class='ocrx_word' id='word_1_236' title='bbox 1295 2186 1375 2211; x_wconf 92' lang='lat' dir='ltr'><strong>om-</strong></span> 
     </span>
     <span class='ocr_line' id='line_1_33' title="bbox 228 2230 1377 2283; baseline 0.001 -13"><span class='ocrx_word' id='word_1_237' title='bbox 228 2233 268 2270; x_wconf 89' lang='lat' dir='ltr'><strong>ni</strong></span> <span class='ocrx_word' id='word_1_238' title='bbox 286 2231 459 2283; x_wconf 87' lang='lat' dir='ltr'><strong>equitatu</strong></span> <span class='ocrx_word' id='word_1_239' title='bbox 473 2231 621 2282; x_wconf 86' lang='lat' dir='ltr'><strong>levique</strong></span> <span class='ocrx_word' id='word_1_240' title='bbox 637 2238 844 2277; x_wconf 81' lang='lat' dir='ltr'><strong>armatura,</strong></span> <span class='ocrx_word' id='word_1_241' title='bbox 863 2230 979 2279; x_wconf 87' lang='lat' dir='ltr'><strong>Juba,</strong></span> <span class='ocrx_word' id='word_1_242' title='bbox 1001 2231 1143 2283; x_wconf 89' lang='lat' dir='ltr'><strong>Scipio,</strong></span> <span class='ocrx_word' id='word_1_243' title='bbox 1163 2232 1377 2280; x_wconf 83' lang='lat' dir='ltr'><strong>Labienus,</strong></span> 
     </span>
     <span class='ocr_line' id='line_1_34' title="bbox 230 2291 1371 2345; baseline 0.001 -14"><span class='ocrx_word' id='word_1_244' title='bbox 230 2293 268 2332; x_wconf 88' lang='lat' dir='ltr'><strong>in</strong></span> <span class='ocrx_word' id='word_1_245' title='bbox 287 2292 515 2344; x_wconf 88' lang='lat' dir='ltr'><strong>legionarios</strong></span> <span class='ocrx_word' id='word_1_246' title='bbox 533 2292 717 2342; x_wconf 84' lang='lat' dir='ltr'><strong>impetum</strong></span> <span class='ocrx_word' id='word_1_247' title='bbox 744 2291 931 2331; x_wconf 82' lang='lat' dir='ltr'><strong>fecerunt.</strong></span> <span class='ocrx_word' id='word_1_248' title='bbox 984 2292 1147 2345; x_wconf 87' lang='lat' dir='ltr'><strong>Equites</strong></span> <span class='ocrx_word' id='word_1_249' title='bbox 1178 2294 1371 2334; x_wconf 83' lang='lat' dir='ltr'><strong>Caesaria-</strong></span> 
     </span>
    </p>
   </div>
  </div>
 </body>
</html>
