1472 2664
229 234 303 269 238
532 227 758 266 1NCERT1
786 227 1063 268 AUCTORIS

231 336 260 356 “
277 331 355 382 pud
373 343 439 369 vos
453 331 640 369 beneficia
657 344 726 381 pro
746 331 956 377 maleficiis,
974 330 1162 368 maleficia
1174 343 1243 381 pro
1256 331 1375 368 bene-

231 397 257 415 “
276 391 371 429 ficiis
390 392 594 430 habentur.
646 391 707 429 Ita
723 404 848 442 neque
868 391 907 428 in
926 391 1003 428 otio
1023 390 1282 437 concordiam,
1309 403 1377 428 ne-

230 458 257 476 “
277 465 351 503 que
370 452 409 489 in
428 453 528 490 bello
547 451 741 497 virtutem,
760 451 839 489 ullo
859 458 1031 502 tempore
1048 452 1212 490 retinere
1231 451 1377 502 Potuis-

230 517 258 536 “
279 513 339 550 tis.
398 513 573 550 Privatus
591 524 641 549 ex
659 511 752 562 fuga
770 511 842 550 Cn.
870 511 1075 562 Pompeius
1103 511 1326 550 adolescens
1354 525 1378 549 a

231 578 258 597 “
277 573 383 611 vobis
410 580 606 623 receptus,
638 571 761 609 fasces
789 572 1068 623 imperiumque
1097 571 1167 609 sibi
1195 572 1378 623 arripuit:

232 639 259 658 “
278 634 405 671 multis
433 632 646 670 interfectis
675 632 834 679 civibus,
867 632 1010 670 auxilia
1037 640 1171 670 contra
1195 633 1380 684 populum

232 699 259 718 “
280 695 495 732 Romanum
512 693 770 743 comparavit:
791 706 903 743 agros
922 694 1232 744 provinciamque
1252 701 1379 732 vestro

233 758 260 777 “
280 753 445 804 impulsu
465 753 723 803 depopulavit.
760 753 804 789 In
825 766 901 803 quo
920 766 986 790 vos
1000 755 1165 791 victores
1185 753 1379 791 existima-

234 819 261 838 “
280 814 379 852 batis
395 815 409 851 ?
447 814 526 859 An,
546 825 606 849 me
622 813 764 859 deleto,
784 826 860 850 non
875 814 1250 859 animadvertebatis,
1268 827 1295 851 x
1313 814 1380 852 ha-

232 879 260 899 “
277 875 369 912 bere
387 874 558 924 legiones
576 874 760 924 populum
788 873 1018 920 Romanum,
1047 887 1144 926 quae
1163 888 1239 913 non
1258 876 1380 913 solum

234 940 260 959 “
280 936 385 974 vobis
405 934 603 979 obsistere,
623 934 690 971 sed
709 933 823 971 etiam
850 935 1000 973 coelum
1026 935 1177 973 diruere
1195 937 1378 986 possent?

234 1001 263 1020 ‘⁴
283 997 455 1037 Quarum
482 994 658 1033 laudibus
676 1001 716 1032 et
733 993 905 1032 virtute’'
935 998 958 1020 ἢ*
978 998 1001 1021 ³*
1022 996 1275 1047 *-[Desunt
1293 994 1379 1034 reli-

231 1057 341 1108 qum]

675 1372 926 1397 ΙΙ

1146 1663 1376 1702 NOMINA
