1472 2664
323 293 397 331 DE
426 292 603 331 BELLO
633 293 808 332 AFRIC.
835 294 1012 332 LIBER.
1166 296 1240 333 219

100 409 204 443 nem,
223 403 267 434 ut
279 395 466 434 haberent
484 395 704 434 facultatem
724 404 868 434 turmas
885 397 912 434 J
914 396 1057 434 ulianas
1077 397 1237 434 circum-

94 457 219 504 fundi,
245 465 286 494 et
304 457 422 494 nihilo
441 457 565 494 minus
582 456 786 495 fortissime
804 457 1064 507 acerrimeque
1092 468 1238 507 pugna-

96 530 151 555 re.
204 517 320 559 Quod
345 517 411 555 ubi
431 518 572 555 Caesar
590 517 870 563 animadvertit,
888 528 977 562 ccc,
1005 529 1099 567 quos
1115 529 1164 553 ex
1184 517 1238 552 le-

95 576 272 628 gionibus
300 578 441 615 habere
469 577 669 627 expeditos
700 583 964 621 consueverat,
993 588 1042 613 ex
1062 576 1235 626 proxima

95 638 264 688 legione,
292 650 390 688 quae
409 637 444 674 ei
462 636 608 688 proelio
644 637 682 673 in
701 636 783 674 acie
803 635 1041 681 constiterat,
1068 636 1179 685 jubet
1198 647 1237 671 e-

93 698 261 748 quitatui
279 709 516 735 succurrere.
565 695 758 734 Labienus
778 695 930 733 interim
949 696 1026 733 suis
1045 696 1237 747 equitibus

94 758 238 796 auxilia
255 757 448 808 equestria
465 756 704 802 submittere,
723 756 936 806 sauciisque
950 768 995 794 ac
1015 755 1233 805 defatigatis

93 817 262 868 integros
276 817 630 867 recentioribusque
645 816 787 854 viribus
806 816 956 866 equites
976 816 1237 854 subministra-

91 889 146 915 re.
211 877 420 928 Postquam
438 877 586 927 equites
605 877 629 914 J
634 876 748 913 uliani
769 888 820 913 cn
840 876 915 913 vim
934 876 1100 913 hostium
1118 875 1168 912 ad
1188 887 1234 911 1v

91 937 211 975 millia
227 950 387 975 numero
406 938 593 975 sustinere
612 948 689 974 non
707 943 900 987 poterant,
922 944 962 974 et
980 949 1003 974 a
1021 937 1093 974 levi
1113 948 1234 973 arma-

93 1004 181 1036 tura
199 997 451 1036 Numidarum
470 997 782 1043 vulnerabantur,
810 997 1103 1047 minutatimque
1123 996 1236 1035 cede-

94 1058 215 1102 bant3
242 1059 383 1097 Caesar
414 1059 572 1095 alteram
591 1058 690 1095 alam
720 1058 851 1102 mittit,
884 1057 948 1107 qui
976 1057 1237 1107 satagentibus

90 1117 271 1156 celeriter
288 1125 547 1155 occurrerent.
579 1119 667 1159 Quo
680 1117 784 1154 facto
804 1117 862 1154 sui
881 1117 1033 1162 sublati,
1053 1116 1234 1161 universi,

92 1178 131 1215 in
150 1177 279 1216 hostes
297 1178 545 1229 impressione
562 1177 680 1223 facta,
706 1177 745 1214 in
763 1177 893 1227 sugam
912 1177 1147 1214 adversarios
1167 1176 1232 1213 de-

90 1238 247 1285 derunt,
264 1239 394 1276 multis
414 1239 565 1284 occisis,
598 1238 859 1288 compluribus
878 1238 1107 1276 vulneratis:
1135 1239 1235 1276 inse-

93 1299 173 1337 cuti
191 1311 260 1349 per
292 1310 344 1336 111
364 1298 482 1335 millia
502 1310 696 1348 passuum,
728 1310 847 1348 usque
867 1299 906 1335 in
925 1300 1042 1336 colles
1062 1299 1234 1336 hostibus

92 1359 251 1405 adactis,
286 1372 328 1397 se
356 1359 405 1396 ad
433 1370 521 1396 suos
551 1358 753 1408 recipiunt.
807 1358 961 1404 Caesar,
989 1359 1027 1395 in
1055 1358 1186 1396 horam
1206 1373 1233 1396 x

91 1427 360 1465 commoratus,
389 1419 487 1456 sicut
520 1425 601 1456 erat
620 1419 841 1464 instructus,
873 1432 914 1457 se
941 1419 989 1456 ad
1017 1432 1085 1457 sua
1111 1427 1235 1456 castra

92 1480 252 1530 recepit,
282 1480 458 1516 omnibus
488 1479 765 1516 incolumibus:
806 1479 844 1515 in
865 1493 940 1530 quo
960 1479 1104 1529 proelio
1124 1480 1234 1516 Paci-

91 1540 176 1577 dius
195 1540 362 1590 graviter
391 1539 468 1590 pilo
497 1552 565 1589 per
585 1539 769 1576 cassidem
789 1547 904 1590 caput
923 1540 1037 1585 ictus,
1064 1541 1234 1590 complu-

91 1612 228 1651 resque
247 1601 366 1638 duces
390 1611 436 1637 ac
454 1599 680 1637 fortissimus
700 1599 860 1650 quisque
891 1598 1084 1637 interfecti
1103 1601 1233 1637 vulne·

90 1661 239 1711 ratique
258 1668 359 1698 sunt.

140 1721 324 1759 LXXIX.
363 1721 572 1771 Postquam
589 1720 693 1758 nulla
711 1721 930 1758 conditione
943 1734 1083 1771 cogere
1099 1722 1233 1758 adver-

88 1782 210 1820 sarios
229 1790 396 1833 poterat,
416 1789 458 1819 ut
477 1782 513 1818 in
535 1794 697 1831 aequum
717 1781 845 1819 locum
865 1782 1158 1827 descenderent,
1179 1783 1233 1818 lc-

90 1842 325 1892 gionumque
345 1841 558 1892 periculum
585 1841 775 1885 facerent3
807 1854 932 1892 neque
964 1842 1044 1891 ipse
1076 1842 1233 1892 propius

92 1902 240 1940 hostem
257 1909 381 1939 castra
395 1915 552 1952 ponere,
568 1910 726 1952 propter
738 1914 858 1952 aquae
871 1903 1082 1953 penuriam,
1097 1915 1137 1940 se
1149 1915 1235 1953 pos-

91 1974 133 2000 se
168 1962 520 2004 animadvertebat;
547 1962 782 1999 adversarios
818 1975 894 1999 non
924 1975 1057 1999 eorum
1092 1962 1233 2000 virtute

94 2023 302 2068 confidere,
322 2023 402 2067 sed,
417 2034 601 2073 aquarum
615 2022 742 2073 inopia
760 2023 892 2068 fretos,
907 2023 1105 2073 despicere
1120 2034 1161 2060 se
1173 2022 1233 2059 in-

90 2083 265 2121 tellexit:
305 2082 427 2133 pridie
447 2083 548 2120 Non.
570 2084 665 2133 Apr.
685 2083 798 2121 tertia
816 2083 945 2134 vigilia
963 2096 1151 2134 egressus,
1186 2084 1234 2120 ab

94 2144 201 2194 Agar
220 2154 292 2180 xvx
314 2142 429 2181 millia
449 2150 562 2181 nocte
590 2156 824 2194 progressus,
859 2144 905 2181 ad
932 2144 1141 2194 Thapsum,
1171 2145 1235 2182 ubi

93 2204 276 2254 Virgilius
296 2216 384 2241 cum
402 2204 536 2254 grandi
556 2205 744 2254 praesidio
762 2212 951 2255 praeerat,
971 2212 1094 2244 castra
1112 2205 1234 2254 ponit,

92 2264 354 2315 oppidumque
386 2277 432 2302 eo
451 2264 512 2302 die
533 2265 826 2303 circummunire
856 2266 997 2315 coepit,
1024 2265 1184 2314 locaque
1204 2266 1234 2301 i-

90 2324 221 2367 ,donea
248 2331 538 2376 opportunaque
571 2325 767 2376 complura
793 2325 988 2376 praesidiis
1015 2337 1233 2376 occupare;
