1472 2664
487 302 652 342 LIBER
703 303 776 343 III.
1140 310 1210 346 105

122 405 342 444 LXXXVI.
395 406 601 458 Pompeius
615 421 781 459 quoque,
802 416 843 446 ut
858 415 991 459 postca
1009 409 1206 459 cognitum

70 475 144 514 est,
171 481 323 506 suorum
344 469 512 505 omnium
531 469 686 506 hortatu
705 477 890 507 statuerat
909 470 1053 520 proelio
1073 470 1207 508 decer-

71 536 178 566 tare:
214 542 378 580 namque
405 530 520 567 etiam
540 530 578 566 in
598 531 757 568 consilio
789 531 1047 581 superioribus
1074 531 1208 569 (liebus

72 587 237 635 dixerat,
256 591 374 640 prius,
394 603 508 641 quam
529 598 799 629 concurrerent
818 591 932 636 acies,
952 591 1047 637 fore,
1068 593 1121 628 uti
1141 604 1209 629 ex-

68 651 212 687 ercitus
232 650 404 688 Caesaris
423 651 642 702 pelleretur.
688 651 733 688 Id
753 665 869 702 quum
889 660 1016 689 essent
1034 653 1206 703 plerique

71 708 259 756 admirati,
289 716 314 734 “
336 711 424 749 Scio
447 713 554 757 me,''
586 711 722 763 inquit,
753 717 779 735 “
798 724 919 762 paene
947 713 1209 750 incredibilem

67 774 95 793 “
114 778 193 807 rem
219 771 412 821 polliceri:
440 773 508 810 sed
532 773 718 811 rationem
751 773 898 811 consilii
924 774 997 810 mei
1026 773 1206 823 accipite,

69 836 97 855 “
115 844 191 882 quo
205 832 370 870 firmiore
389 833 514 870 animo
533 834 570 870 in
589 835 777 885 proelium
796 835 1000 885 prodeatis.
1033 835 1209 872 Persuasi

70 895 97 915 “
116 893 308 942 equitibus
327 894 478 940 nostris,
509 894 624 945 idque
643 895 735 932 mihi
762 908 802 932 se
820 895 990 932 facturos
1010 895 1208 933 confirma-

69 957 96 975 “
116 961 265 999 verunt,
296 961 352 999 ut,
382 969 498 1006 quum
528 955 684 1006 propius
703 957 751 993 sit
783 968 993 1002 accessum,
1027 957 1207 993 dextrum

71 1017 97 1036 ‘⁶
118 1014 292 1052 Caesaris
311 1027 431 1052 cornu
449 1017 496 1053 ab
516 1016 636 1054 latere
655 1024 789 1067 aperto
807 1016 1123 1067 aggrederentur,
1152 1025 1206 1062 ut,

68 1075 376 1113 “circumventa
395 1077 441 1114 ab
457 1084 567 1126 tergo
581 1077 676 1123 acie,
696 1078 799 1128 prius
818 1079 1080 1128 perturbatum
1097 1090 1208 1114 exer-

69 1141 96 1159 “
116 1136 235 1173 citum
255 1138 456 1187 pellerent,
489 1150 601 1188 quam
621 1151 643 1175 a
661 1139 770 1176 nobis
790 1139 907 1175 telum
928 1139 964 1174 in
987 1139 1132 1175 hostem
1149 1139 1208 1187 ja-

67 1201 96 1219 “
116 1204 280 1236 cei-etur.
330 1197 390 1235 Ita
409 1198 490 1236 sine
510 1199 680 1249 periculo
699 1198 907 1249 legionum,
927 1207 963 1236 et
986 1211 1106 1249 paene
1125 1199 1206 1236 sine

52 1261 91 1296 .“
110 1257 282 1303 vulnere,
300 1257 441 1294 bellum
463 1257 722 1295 conficiemus.
753 1258 791 1295 id
810 1266 938 1295 autem
959 1258 1109 1295 difficile
1130 1271 1206 1295 nun

65 1322 91 1341 “
111 1324 184 1363 est,
215 1331 331 1368 quum
352 1326 500 1356 tantum
526 1318 700 1368 equitatu
718 1318 954 1356 valeamus.”
1001 1317 1121 1355 Simul
1141 1318 1208 1355 de-

62 1379 271 1424 nunciavit,
301 1387 343 1416 ut
368 1386 496 1416 essent
524 1379 651 1417 animo
679 1380 802 1430 parati
831 1380 868 1416 in
897 1387 1115 1430 posterum:
1153 1388 1205 1424 et,

61 1439 241 1489 quoniam
262 1439 370 1477 fieret
389 1439 594 1477 dimicandi
614 1446 797 1490 potestaS,
821 1448 859 1477 ut
874 1452 989 1491 saepe
1005 1440 1208 1490 cogitavis-

61 1507 162 1546 sent,
174 1512 223 1537 ne
241 1513 310 1537 usu
325 1512 516 1550 manuque
532 1500 766 1551 reliquorum
783 1501 1000 1551 opinionem
1016 1501 1206 1539 fallerent.

113 1560 358 1598 LXXXVII.
413 1561 532 1598 Hunc
565 1560 758 1598 Labienus
789 1562 958 1612 excepit,
997 1569 1048 1606 et,
1089 1573 1206 1611 quum

63 1620 237 1659 Caesaris
258 1622 387 1672 copias
415 1621 644 1672 despiceret,
678 1621 850 1672 Pompeii
881 1623 1081 1659 consilium
1102 1634 1203 1659 sum-

60 1683 132 1720 mis
150 1683 326 1720 laudibus
346 1681 512 1728 efferret,
542 1687 569 1705 “
590 1682 723 1728 Noli,”
756 1683 893 1733 inquit,
924 1688 950 1705 “
970 1683 1205 1727 existimare,

64 1748 91 1767 ‘⁶
110 1743 286 1793 Pompei,
305 1743 410 1780 hunc
429 1755 511 1780 esse
525 1743 753 1788 exercitum,
777 1743 841 1793 qui
858 1742 1022 1780 Galliam
1044 1743 1206 1780 Germa-

59 1809 87 1828 “
106 1804 282 1854 uiamque
302 1803 500 1841 devicerit.
542 1803 731 1841 Omnibus
754 1803 908 1842 interfui
929 1803 1106 1853 proeliis;
1139 1816 1205 1840 ne-

61 1869 89 1888 “
108 1878 182 1916 que
202 1872 346 1903 temere
365 1864 600 1914 incognitam
623 1877 702 1902 rem
723 1864 948 1915 pronuncio.
988 1864 1205 1913 Pei-exigua

59 1930 87 1949 “
106 1938 194 1976 pars
213 1926 314 1963 illius
332 1925 527 1962 exercitus
545 1932 736 1975 superest,
757 1937 896 1975 magna
914 1937 1000 1976 pars
1019 1924 1201 1975 deperiit;

61 1990 89 2009 “
109 1986 212 2036 quod
230 1986 407 2024 accidere
422 1992 481 2023 tot
500 1985 653 2036 proeliis
670 1985 743 2023 fuit
762 1998 943 2023 necesse:
975 1987 1116 2023 multos
1135 1998 1202 2024 nu-

59 2049 86 2070 “
104 2046 226 2084 tumui
246 2046 464 2096 pestilentia
482 2046 520 2082 in
538 2046 650 2084 Italia
664 2047 896 2084 consumsit:
917 2047 1026 2084 multi
1046 2047 1201 2084 domum

58 2109 86 2129 “
105 2105 385 2143 discesserunt:
417 2105 528 2143 multi
546 2113 635 2143 sunt
654 2106 776 2144 relicti
798 2106 835 2143 in
855 2107 1081 2144 continenti.
1138 2109 1201 2144 An

59 2170 86 2190 ‘⁸
105 2179 180 2203 non
200 2166 423 2212 exaudistis,
452 2178 501 2203 ex
520 2166 578 2212 iis,
608 2167 672 2218 qui
692 2179 761 2218 per
780 2180 950 2205 caussam
971 2168 1201 2204 valetudinis

59 2230 87 2250 “
105 2235 384 2273 remanserunt,
417 2227 596 2265 cohortes
620 2241 703 2266 esse
733 2228 923 2265 Brundisii
942 2228 1089 2266 factas?
1129 2230 1202 2265 hac

59 2290 86 2311 ‘⁸
105 2287 254 2338 copiae,
273 2301 366 2339 quas
385 2288 535 2334 videtis,
563 2301 613 2326 ex
633 2289 838 2328 dilectibus
857 2290 993 2328 horum
1014 2302 1200 2328 annorum

58 2351 86 2372 ‘⁸
103 2348 143 2386 in
158 2349 336 2386 citeriore
354 2349 480 2387 Gallia
498 2356 587 2388 sunt
600 2350 783 2397 refectae,
803 2359 842 2388 et
860 2351 1033 2402 plerique
1049 2358 1136 2389 sunt
1151 2363 1200 2389 ex

136 2407 246 2448 ΤοΜ.
273 2409 325 2446 11.
617 2409 652 2446 O
