1472 2664
264 275 337 311 194
702 272 750 308 A.
788 269 967 308 HIRTII

256 387 424 425 gressus,
453 373 650 412 castellum
671 373 708 411 in
728 381 858 411 monte
878 373 964 410 loco
983 372 1132 409 munito
1151 372 1331 417 locatum,
1358 372 1397 408 in

259 436 364 486 quod
389 436 492 474 Juba
517 435 606 473 belli
625 435 785 485 gerendi
803 434 926 485 gratia
951 440 989 471 et
1016 432 1262 478 frumentum,
1282 440 1321 470 et
1339 444 1400 470 res

260 504 422 543 ceteras,
454 509 550 547 quae
578 496 626 533 ad
650 496 792 533 bellum
811 495 895 532 usui
924 494 1048 532 solent
1068 505 1164 539 esse,
1184 500 1400 544 comporta-

258 562 380 600 verat,
407 555 443 592 vi
463 555 721 606 expugnando
741 561 798 592 est
823 554 978 605 potitus·

309 616 514 653 XXXVII.
569 617 723 662 Caesar,
743 623 945 666 postquam
974 614 1187 664 legionibus
1210 614 1399 651 veteranis

257 688 306 723 11,
326 677 512 726 equitatu,
525 677 677 728 levique
694 684 898 723 armatura,
915 675 1044 726 copias
1058 688 1144 712 suas
1163 687 1212 712 ex
1228 674 1397 712 secundo

257 744 474 775 commeatu
492 745 667 783 auxerat,
695 749 810 775 naves
830 749 874 773 vx
906 734 1099 773 onerarias
1128 735 1255 772 statim
1288 735 1401 784 jubet

255 797 484 847 Lilybaeum
511 798 561 835 ad
596 798 785 848 reliquum
817 797 1030 835 exercitum
1063 795 1398 846 transportandum

253 857 446 908 proficisci
462 872 471 895 ι
499 858 580 909 ipse
600 869 645 894 V1
675 857 762 894 Kal.
793 857 902 895 Febr.
935 857 1088 894 circiter
1118 855 1247 906 vigilia
1277 855 1399 906 prima

255 918 431 969 imperat,
459 918 721 969 speculatores
757 919 1070 969 apparitoresque
1090 929 1221 954 ornnes
1254 924 1296 954 ut
1327 916 1398 954 sibi

254 986 408 1030 praesto
438 986 578 1017 essent.
631 979 783 1030 ltaque,
816 978 992 1016 omnibus
1011 977 1153 1023 insciis,
1173 990 1299 1028 neque
1318 989 1398 1014 sus-

251 1040 483 1091 picantibus,
503 1041 632 1091 vigilia
651 1040 764 1078 tertia
778 1040 889 1090 jubet
908 1052 1040 1077 omnes
1058 1038 1231 1089 legiones
1246 1050 1295 1075 ex
1316 1051 1399 1076 cas-

253 1101 321 1138 tris
348 1101 477 1148 educi,
508 1108 623 1152 atque
643 1114 683 1139 se
703 1100 886 1151 consequi
905 1100 954 1138 ad
973 1099 1156 1150 oppidum
1189 1098 1402 1150 Ruspinam

253 1174 400 1208 versus,
427 1162 465 1199 in
500 1175 576 1212 quo
605 1162 686 1212 ipse
706 1161 938 1211 praesidium
957 1161 1105 1206 habuit,
1132 1167 1171 1198 et
1191 1160 1294 1212 quod
1323 1160 1399 1211 pri-

252 1235 357 1260 mum
377 1222 426 1260 ad
443 1222 648 1260 amicitiam
669 1223 752 1272 ejus
771 1222 933 1260 accessit
953 1235 963 1257 ε
990 1221 1078 1259 inde
1096 1221 1291 1272 parvulam
1310 1234 1398 1272 pro-

251 1283 458 1322 clivitatem
478 1283 684 1333 digressus,
703 1282 854 1319 sinistra
873 1288 981 1332 parte
1001 1281 1124 1332 campi
1141 1288 1298 1332 propter
1317 1294 1395 1318 ma-

251 1356 293 1380 re
313 1344 485 1394 legiones
497 1343 615 1381 ducit.
661 1343 740 1381 Hic
760 1355 914 1393 campus
934 1341 1095 1378 mirabili
1114 1341 1272 1392 planitie
1291 1348 1397 1392 patet

252 1404 373 1442 millia
403 1417 585 1455 passuum
617 1415 695 1441 xv:
723 1416 835 1454 quem
852 1404 988 1453 juguni
1008 1402 1156 1452 ingcnS‚
1183 1414 1205 1439 a
1223 1402 1318 1439 mari
1337 1414 1398 1439 or-

251 1472 348 1511 tum,
376 1477 502 1515 neque
522 1464 576 1501 ita
599 1464 826 1514 praealtum,
854 1463 958 1500 velut
977 1462 1117 1500 theatri
1137 1462 1252 1500 efficit
1271 1454 1395 1512 speci-

249 1539 324 1563 em.
369 1526 415 1563 In
435 1525 509 1563 hoc
525 1526 621 1575 jugo
642 1525 760 1563 colles
779 1532 868 1562 sunt
886 1524 1031 1564 excelsi
1051 1524 1176 1574 pauci,
1196 1523 1233 1560 in
1255 1523 1392 1574 quibus

249 1587 425 1638 singulae
445 1593 570 1623 turres
586 1586 843 1636 speculaeque
863 1585 1034 1635 singulae
1054 1592 1272 1635 perveteres
1287 1591 1396 1622 erant

249 1649 480 1686 collocatae:
500 1660 659 1697 quarum
675 1646 779 1697 apud
793 1645 963 1683 ultimam
980 1645 1210 1696 praesidium
1224 1652 1264 1682 et
1282 1645 1395 1683 statio

250 1709 324 1747 suit
345 1708 547 1759 Scipionis.

300 1769 533 1807 XXXVIII,
588 1768 795 1819 Postquam
825 1768 967 1805 Caesar
986 1767 1035 1805 ad
1063 1770 1214 1818 jugum,
1238 1767 1287 1806 de
1319 1781 1396 1819 quo

247 1831 378 1877 docui,
405 1829 618 1875 adscendit,
635 1836 750 1879 atque
772 1829 810 1865 in
830 1841 1140 1879 unumquemque
1161 1828 1298 1866 collem
1314 1837 1394 1867 tur-

247 1901 308 1929 r'es
328 1891 560 1941 castellaque
579 1889 707 1928 facere
727 1890 870 1940 coepit,
890 1896 1005 1940 atque
1025 1901 1071 1926 ea
1086 1889 1210 1927 minus
1229 1889 1394 1929 semiho-

247 1965 288 1990 ra
312 1951 462 1996 effecit3
490 1959 529 1989 et
547 1959 749 2002 postquam
768 1963 843 1988 non
865 1950 917 1988 ita
936 1950 1051 2000 longe
1069 1951 1117 1988 ab
1138 1950 1273 1988 ultimo
1292 1951 1391 1989 colle

247 2013 420 2063 turrique
448 2012 535 2058 fuit,
563 2025 660 2063 quae
680 2012 855 2063 proxima
887 2011 960 2049 fuit
992 2011 1126 2049 castris
1156 2011 1393 2050 adversari&

246 2087 345 2120 rum,
364 2074 403 2110 in
422 2087 498 2123 qua
516 2073 631 2112 docui
651 2085 734 2111 esse
762 2072 994 2123 praesidium
1009 2073 1290 2123 stationemque
1311 2073 1393 2110 Nu-

245 2134 460 2174 midarumz
488 2135 695 2186 paullisper
723 2141 994 2179 commoratus,
1027 2140 1306 2184 perspectaque
1326 2146 1393 2171 na·

245 2203 333 2234 tura
350 2195 440 2241 loci,
478 2196 652 2246 equitatu
681 2195 720 2232 in
752 2195 917 2233 statione
949 2194 1147 2245 disposito,
1176 2194 1391 2245 legionibus

245 2269 342 2308 opus
371 2256 570 2300 attribuit;
595 2255 873 2306 brachiumque
900 2255 1027 2293 medio
1042 2257 1138 2306 jugo
1157 2255 1205 2292 ab
1225 2267 1271 2293 eo
1289 2255 1392 2302 loco,

246 2319 296 2358 ad
309 2330 422 2370 quem
438 2323 679 2369 pervenerat,
698 2329 820 2369 usque
838 2316 888 2356 ad
907 2329 1008 2363 eum,
1036 2315 1138 2355 unde
1157 2328 1332 2367 egressus
1352 2331 1391 2356 e-
