1472 2664
481 234 646 272 LIBER
701 233 776 273 ΙΙΙ.
1138 237 1188 276 57

59 336 202 389 positus
222 344 303 376 erat
322 336 448 375 Fufius
468 335 652 383 Kahmus,
679 338 841 387 legatus,
868 336 932 387 qui
953 336 1188 374 celeritatem

56 399 95 435 in
114 398 410 449 transportandis
430 398 643 448 legionibus
662 399 872 435 adhiberet.
916 397 1006 442 Sed,
1033 397 1152 434 serius
1167 410 1190 434 a

53 466 154 496 terra
173 466 387 510 provectae,
417 472 542 504 naveS,
563 473 687 509 neque
708 472 796 496 usae
817 466 1002 495 nocturna
1021 471 1125 503 aura,
1147 459 1185 495 in

54 520 248 557 redeundo
267 519 518 557 offenderunt.
572 519 729 556 Bibulus
749 520 862 564 enim,
890 519 1082 568 Corcyrae
1103 531 1186 556 cer·

50 581 134 617 'tior
147 581 268 618 factus
280 580 328 617 de
342 580 505 617 adventu
527 580 711 624 Caesaris,
731 592 899 630 sperans,
919 579 1031 616 alicui
1047 591 1087 615 se
1102 592 1187 629 par-

51 641 82 678 ti
101 649 317 679 onustarum
338 640 487 678 navium
503 653 703 677 occurrere
718 653 843 690 posse,
863 639 1037 676 inanibus
1053 653 1187 676 occur·

49 699 120 744 rit;
152 708 204 745 et,
225 706 357 738 nactus
377 700 528 737 circiter
548 712 640 744 xxx,
673 701 708 736 in
729 713 792 737 eas
814 700 1074 749 indiligentiae
1094 713 1186 738 suae

49 773 96 798 ac
115 760 255 797 doloris
274 760 470 798 iracundia
488 761 626 810 erupit,
659 773 865 810 omnesque
894 760 1090 803 incendit;
1122 773 1187 809 eo-

51 821 212 871 demque
245 821 332 870 igne
360 829 494 858 nautas
524 820 774 871 dominosque
800 821 951 857 navium
980 820 1186 866 interfecit,

49 879 311 930 magnitudine
324 893 470 930 poenae
490 881 656 930 reliquos
677 881 870 917 deterrere
890 893 1058 930 sperans.
1098 880 1188 918 Hoc

54 940 232 978 confecto
251 941 420 990 negotio,
440 954 463 978 a
479 940 624 978 Salonis
637 942 685 978 ad
699 942 803 979 Orici
817 950 981 991 portum,
1003 940 1185 978 stationes

50 998 255 1049 littoraque
282 1001 407 1036 omnia
433 1000 547 1050 longe
567 1001 718 1051 lateque
745 1001 926 1038 classibus
957 1001 1180 1051 occupavit:

50 1059 307 1109 custodiisque
328 1060 547 1110 diligentius
567 1061 850 1111 dispositisipse
865 1061 1086 1110 gravissima
1106 1061 1186 1098 hie-

48 1118 166 1156 mein
186 1118 341 1157 navibus
371 1121 600 1165 excubabat,
632 1134 756 1171 neque
784 1121 900 1158 ullum
932 1122 1100 1159 laborem
1121 1131 1186 1159 aut

47 1179 431 1230 munus'despiciens‚
453 1193 578 1230 neque
598 1182 805 1218 subsidium
827 1190 1069 1232 exspectans,
1098 1182 1127 1218 si
1147 1182 1184 1218 in

51 1239 226 1277 Caesaris
244 1241 487 1290 complexum
502 1241 643 1279 'venire
662 1248 803 1292 posset.

99 1300 170 1337 IX.
224 1301 406 1338 Discessu
430 1302 699 1347 Liburnarum,
730 1315 778 1339 ex
799 1302 954 1352 Illyrico
987 1303 1043 1339 M.
1064 1303 1184 1341 Octa-

46 1360 128 1397 vius
149 1372 234 1398 cum
255 1361 312 1406 iis,
341 1374 433 1412 quas
452 1361 629 1407 habebat,
650 1363 806 1400 navibus
825 1363 981 1400 Salonas
998 1365 1183 1413 pervenit.

44 1419 105 1457 Ibi
124 1421 324 1458 concitatis
352 1421 554 1466 Dalmatis,
587 1422 816 1472 reliquisque
849 1424 1031 1468 barbaris,
1058 1424 1184 1462 'Issam

46 1493 68 1518 a
85 1480 256 1518 Caesaris
276 1481 442 1518 amicitia
456 1482 616 1520 avertit:
647 1492 874 1520 conventum
898 1484 1045 1521 Salonis
1065 1498 1182 1535 quum

46 1554 170 1591 neque
186 1541 539 1591 pollicitationibus,
556 1553 683 1593 neque
693 1543 989 1581 denunciatione
1007 1546 1182 1594 periculi,

44 1613 266 1652 permovere
284 1610 425 1652 posset,
446 1603 629 1653 oppidum
649 1617 871 1654 oppugnare
897 1605 1072 1643 instituit.
1112 1607 1182 1645 Est

42 1668 170 1700 autem
189 1662 372 1713 oppidum
393 1670 432 1699 et
450 1663 522 1700 loci
540 1673 676 1701 natura
692 1673 729 1701 et
746 1665 841 1702 colle
862 1666 1063 1704 munitum.
1105 1667 1182 1706 Sed

43 1722 218 1760 celeriter
249 1723 350 1760 cives
379 1723 555 1768 Romani,
593 1725 730 1773 ligneis
749 1725 893 1762 effectis
923 1727 1103 1772 turribus,
1136 1728 1180 1765 iis

42 1790 125 1821 sese
144 1783 381 1821 munierunt:
416 1791 468 1829 et,
489 1797 603 1834 quum
626 1793 753 1822 essent
769 1785 904 1822 infirmi
924 1786 972 1822 ad
1003 1787 1180 1824 resisten-

42 1843 131 1880 dum
159 1851 314 1894 propter
332 1845 562 1894 paucitatem
595 1845 804 1890 bominum,
838 1846 982 1883 crebris
1013 1848 1180 1886 confecti

43 1903 274 1949 vulneribus,
288 1903 338 1941 ad
353 1911 566 1942 extremum
587 1905 769 1942 auxilium
786 1907 1081 1953 descenderunt,
1101 1921 1180 1946 ser-

42 1975 186 2014 vosque
198 1976 329 2001 omnes
340 1963 504 2014 puberes
517 1964 791 2004 liberaverunt:
807 1972 859 2008 et,
876 1966 1082 2014 praesectis
1097 1978 1159 2005 om
1168 1990 1178 1997 -

41 2023 145 2061 nium
162 2024 361 2062 mulierum
382 2024 561 2070 crinibus,
589 2031 780 2062 tormenta
799 2025 1021 2063 effecerunt.
1064 2029 1180 2069 'Quo-

42 2094 124 2122 rum
147 2085 299 2135 cognita
317 2085 520 2129 sententia,
552 2085 736 2122 Oetavius
755 2086 879 2135 quinis
894 2086 1042 2123 ‘castris
1073 2089 1180 2138 oppi-

45 2143 134 2181 dum
150 2144 414 2189 circumdedit,
435 2152 550 2195 atque
566 2158 645 2182 uno·
658 2153 828 2195 tempore
844 2146 1044 2183 obsidione
1060 2155 1098 2185 et
1112 2161 1180 2199 op-

45 2205 341 2254 pugnationibus
360 2217 427 2242 eos
452 2213 625 2255 premere
653 2206 792 2256 coepit.
838 2206 920 2251 llli,
949 2206 1074 2244 omnia
1094 2221 1180 2258 per-

41 2266 118 2315 peti
153 2267 289 2316 parati‚
331 2266 497 2304 maxime
530 2279 555 2304 a
579 2280 631 2303 τε
664 2265 910 2304 frumentaria
944 2267 1179 2305 laborabant.

123 2326 231 2364 ΤοΜ.
258 2326 310 2363 11.
624 2327 662 2363 H
