1472 2664
212 269 263 310 76
507 264 583 303 DE
629 264 809 306 BELLO
856 265 1027 304 CIVILI

217 377 307 409 runt
319 382 335 406 :-
358 369 425 408 sed
445 369 565 406 nostri
584 368 736 407 fortiter
749 381 880 407 eorum
895 370 1079 420 impetum
1093 367 1278 416 tulerunt,
1297 382 1362 408 ce-

219 431 426 482 leriterque
446 430 494 467 ad
513 442 602 468 suos
621 430 784 481 quisque
807 430 960 467 ordines
979 430 1106 475 rediit,
1127 436 1241 479 atque
1261 430 1364 468 ultro

213 492 379 531 universi
396 492 433 528 in
448 491 577 529 hostes
597 491 783 542 impeturn
802 491 990 530 fecerunt.
1046 491 1107 528 Ex
1127 490 1185 528 his
1205 491 1361 529 circiter

213 566 323 593 Lxxx
342 553 569 599 interfectiS,
600 552 755 602 reliquis
775 553 813 589 in
841 553 971 603 fugam
992 552 1192 602 conjectis,
1223 552 1358 599 nostri,

213 616 362 653 duobus
381 614 539 661 amissis,
569 614 608 651 in
627 620 755 652 castra
772 627 812 652 se
832 623 1075 665 receperunt.

217 696 223 701 ·
264 675 493 714 XXXVIII.
550 674 622 713 His
651 675 766 713 rebus
796 675 928 726 gestis,
962 676 1170 722 Domitius,
1201 689 1358 727 sperans

213 737 432 787 Scipionem
448 736 497 773 ad
514 748 681 786 pugnam
698 736 786 773 elici
800 749 926 787 posse,
945 736 1149 783 simulavit,
1169 750 1267 784 sese,
1293 750 1359 777 an-

211 798 348 848 gustiis
367 797 421 835 rei
435 796 709 834 frumentariae
724 796 948 842 adductum,
969 804 1095 834 castra
1108 811 1276 844 movere,
1296 811 1362 836 va·

211 859 339 909 sisque
369 857 525 894 militari
557 870 662 894 more
695 857 957 902 conclamatis,
987 871 1210 907 progressus
1243 859 1361 899 millia

210 931 390 970 passuum
424 929 490 963 111,
519 917 606 955 Ioco
626 916 767 954 idoneo
787 925 826 955 et
846 918 1001 955 occulto
1027 932 1178 958 ornnem
1211 920 1361 958 exerci-

211 986 292 1016 tum
320 978 610 1030 equitatumque
630 978 848 1016 collocavit.
904 979 1048 1030 Scipio,
1080 980 1128 1017 ad
1157 980 1361 1030 insequen-

212 1039 304 1076 dum
324 1047 494 1089 paratus,
514 1039 726 1090 equitatum
747 1052 1001 1090 magnamquc
1020 1049 1167 1091 partem
1189 1040 1282 1079 levis
1302 1054 1362 1079 ar-

210 1108 384 1138 maturae
404 1101 451 1137 ad
471 1100 749 1151 explorandum
770 1101 843 1138 iter
863 1101 1027 1140 Domitii
1054 1110 1094 1140 ct
1120 1115 1359 1152 cognoscen-

210 1161 299 1199 dum
321 1161 528 1212 praemisit.
583 1161 660 1203 Qui
680 1175 797 1211 quum
820 1170 948 1200 essent
967 1163 1173 1213 progressi,
1194 1164 1358 1213 primae-

210 1235 285 1272 que
306 1229 454 1259 turmae
475 1221 630 1260 insidias
649 1221 905 1267 intravissent,
926 1236 975 1260 ex
995 1222 1151 1261 fremitu
1170 1237 1357 1274 equorum

208 1282 315 1321 illata
334 1283 567 1334 suspicione,
587 1283 635 1320 ad
651 1295 738 1321 suos
758 1295 798 1319 se
818 1284 991 1334 recipere
1012 1291 1248 1335 coeperunt;
1275 1285 1359 1336 qui-

210 1357 286 1394 que
306 1345 374 1382 hos
402 1344 674 1394 sequebantur,
704 1343 867 1381 celerem
889 1357 1020 1382 corum
1051 1353 1249 1395 receptum
1270 1359 1357 1384 con-

208 1405 359 1454 spicati,
380 1405 615 1442 restiterunt.
670 1403 817 1448 Nostri,
838 1404 1003 1453 cognitis
1023 1404 1182 1449 insidiis,
1199 1417 1247 1441 ne
1261 1404 1357 1441 frus-

209 1472 270 1502 tra
289 1465 457 1516 reliquos
473 1470 761 1515 exspectarent,
783 1464 878 1501 duas
894 1465 1178 1502 nactiliostium
1201 1472 1358 1510 turmas,

209 1534 462 1578 exceperunt.
495 1526 540 1562 In
560 1525 618 1562 his
638 1524 709 1562 fuit
729 1524 786 1561 M.
802 1525 994 1575 OpimiuS,
1014 1526 1233 1575 praefectus
1252 1525 1358 1576 equi-

209 1594 305 1624 tum.
362 1587 548 1637 Reliquos
573 1598 706 1623 omnes
725 1598 857 1623 earum
885 1594 1093 1624 turmarum
1116 1593 1180 1625 aut
1202 1586 1358 1625 interfe-

211 1656 362 1693 cerunt,
383 1656 448 1685 aut
469 1654 603 1697 captos
623 1646 671 1683 ad
690 1646 905 1683 Domitium
925 1647 1204 1697 perduxerunt.

265 1709 453 1746 XXXIX.
490 1707 682 1745 Deductis
697 1720 787 1745 orae
802 1708 1016 1747 maritimae
1031 1707 1243 1758 praesidiis,
1265 1708 1361 1746 Cae-

209 1782 284 1816 sar,
312 1777 356 1807 ut
375 1783 489 1820 supra
516 1769 819 1806 demonstratum
847 1776 919 1814 est,
955 1781 1005 1805 111
1027 1769 1207 1807 cohortes
1236 1769 1359 1816 Orici,

209 1831 342 1880 oppidi
371 1830 503 1868 tuendi
527 1842 676 1876 caussa,
701 1828 877 1880 reliquit:
905 1829 1116 1880 iisdemque
1140 1829 1353 1868 custodiam

207 1892 361 1928 navium
382 1891 582 1941 longarum
612 1890 783 1935 tradidit,
812 1903 906 1941 quas
926 1903 975 1928 ex
996 1891 1105 1928 Italia
1126 1891 1356 1933 transduxe-

207 1958 280 1989 rat.
336 1951 441 1988 Huic
460 1950 584 1988 officio
599 1950 820 2001 oppidoque
842 1951 992 1988 Acilius
1006 1951 1155 2001 legatus
1170 1959 1357 2001 praeerat.

207 2010 248 2048 Is
276 2024 391 2049 naves
411 2018 562 2048 nostras
590 2011 810 2049 interiorem
831 2011 868 2048 in
889 2019 1036 2062 partem
1056 2020 1142 2062 post
1171 2012 1357 2063 oppidum

208 2072 377 2118 reduxit,
406 2079 446 2110 et
465 2072 513 2109 ad
533 2080 673 2110 terram
705 2072 903 2122 deligavit,
935 2073 1189 2124 faucibusque
1220 2082 1355 2124 portus

207 2146 343 2170 navem
363 2133 577 2170 onerariam
597 2134 832 2171 submersam
854 2134 1010 2182 objecit,
1030 2141 1066 2172 et
1090 2134 1178 2171 huic
1198 2135 1355 2173 alteram

208 2193 430 2243 conjunxit:
449 2206 563 2244 super
578 2207 653 2244 qua
671 2193 806 2231 turrim
828 2193 1000 2235 effectam
1018 2195 1066 2234 ad
1082 2195 1204 2244 ipsum
1225 2194 1356 2232 introi-

208 2261 290 2293 tum
317 2262 451 2304 portus
481 2255 673 2304 opposuit,
706 2262 744 2292 ct
777 2255 960 2292 militibus
993 2255 1213 2305 complevit,
1246 2263 1357 2294 tuen⁹

207 2313 375 2366 (lamque
394 2313 445 2353 ad
464 2326 596 2355 omnes
616 2314 838 2365 repentinos
859 2328 968 2355 casus
987 2316 1155 2355 tradidit.
