1472 2664
340 277 414 315 DE
443 277 621 315 BELLO
649 278 812 316 ALEX.
838 278 1015 316 LIBER.
1175 282 1247 318 139

110 380 390 419 circumventus
408 381 457 418 ab
472 381 744 420 Alexandrinis
761 389 842 419 est:
871 381 933 419 cui
950 381 1160 419 subsidium
1179 394 1246 420 ne-

108 454 171 479 mo
190 442 297 487 tulit3
324 442 417 488 sive,
437 442 541 493 quod
555 443 593 480 in
613 443 694 493 ipso
713 443 804 480 satis
822 441 998 493 praesidii
1017 454 1086 492 pro
1105 442 1246 480 virtute

109 515 154 540 ac
171 503 354 542 felicitate
383 506 466 554 ejus
492 511 671 554 putarent
699 515 807 547 esse;
834 504 926 549 sive,
959 503 1063 553 quod
1084 502 1157 553 ipsi
1175 503 1247 540 sibi

105 563 302 602 timebant.
354 564 490 615 Itaque
510 577 606 602 unus
637 577 688 602 ex
705 564 882 602 omnibus
901 576 947 602 eo
982 563 1127 614 proelio
1146 563 1244 601 bene

105 636 184 661 rem
204 625 335 674 gessit,
355 625 457 663 solus
475 637 563 662 cum
583 637 652 662 sua
668 624 900 675 quadriremi
919 624 1076 662 victrice
1095 624 1221 674 periit.

154 685 299 722 XXVI.
355 686 434 723 Sub
453 686 554 723 idem
585 693 736 736 tempus
767 684 1016 722 Mithridates
1042 684 1245 734 Pergame-

102 758 188 791 nus,
207 758 369 796 magnae
388 745 598 783 nobilitatis
612 745 729 791 domi,
746 745 1008 796 scientiaeque
1029 745 1066 781 in
1084 745 1187 782 bello
1205 752 1245 782 et

101 806 266 852 virtutis,
294 806 385 844 fidei
410 806 685 856 dignitatisque
703 806 742 843 in
762 806 929 844 amicitia
948 806 1137 851 Caesaris,
1156 806 1244 843 niis-

102 879 166 904 sus
184 867 223 904 in
243 866 392 918 Syriam
413 867 664 917 Ciliciamque
680 866 793 904 initio
810 866 901 903 belli
922 866 1176 916 Alexandrini
1196 866 1246 904 ad

100 927 244 965 auxilia
260 927 503 973 arcessenda,
536 940 624 964 cum
649 927 797 976 magnis
825 927 958 977 copiiS,
988 940 1081 976 quas
1108 927 1244 965 celeri·

100 995 158 1024 ter
177 995 216 1025 et
245 987 540 1038 propensissima
558 987 756 1025 civitatum
776 987 986 1033 voluntate,
1013 997 1053 1024 et
1071 1000 1140 1026 sua
1158 988 1243 1024 dili·

96 1048 240 1098 gentia,
261 1048 495 1094 confecerat,
526 1048 663 1086 itinere
687 1047 871 1098 pedestri,
900 1061 978 1098 quo
998 1049 1244 1099 conjungitur

100 1109 305 1160 Aegyptus
327 1108 472 1159 Syriae,
492 1108 686 1146 Pelusium
702 1108 883 1146 adducit:
911 1108 1026 1159 idque
1045 1108 1241 1159 oppidum,

100 1169 210 1206 firmo
230 1169 420 1220 praesidio
438 1177 668 1220 occupatum
690 1169 868 1206 Achillae
886 1176 1045 1219 propter
1059 1178 1242 1219 opportu-

96 1229 254 1267 nitatem
270 1230 358 1276 loci,
382 1230 568 1282 (namque
585 1237 666 1267 tota
687 1231 890 1279 Aegyptus
905 1229 1095 1266 maritimo
1111 1242 1240 1268 acces-

95 1303 139 1327 su
155 1290 295 1337 Pharo,
308 1291 476 1341 pedestri
496 1291 664 1336 Pelusio,
680 1290 785 1327 velut
804 1291 992 1336 claustris,
1012 1291 1158 1327 munita
1173 1303 1240 1328 ex-

95 1350 305 1402 istimatur)
326 1359 484 1402 repente
499 1351 647 1401 magnis
662 1351 941 1388 circumdatum
957 1350 1092 1400 copiis,
1110 1351 1237 1388 multi-

96 1410 186 1461 plici
205 1411 395 1462 praesidio
413 1411 663 1462 pertinaciter
681 1411 1026 1462 propugnantibus,
1052 1418 1090 1447 et
1109 1411 1239 1461 copia—-

93 1483 178 1508 rum
191 1472 468 1522 magnitudine,
484 1484 578 1522 quas
593 1472 762 1522 integras
778 1471 984 1509 vulneratis
1003 1470 1239 1521 defessisque

91 1532 334 1581 subjiciebat,
353 1541 393 1570 et
406 1533 690 1584 perseverantia
704 1532 999 1583 constantiaque
1013 1544 1237 1582 oppugnan-

93 1592 145 1639 di,
174 1606 250 1644 quo
268 1592 332 1630 die
350 1601 409 1631 est
422 1604 638 1643 aggressus,
653 1593 692 1630 in
707 1605 813 1630 suam
827 1592 976 1643 redegit
991 1599 1237 1643 potestatem,

93 1653 403 1705 praesidiumque
428 1654 480 1691 ibi
497 1665 607 1691 suum
641 1653 854 1691 collocavit.
922 1653 1033 1698 Inde,
1064 1666 1107 1691 re
1136 1654 1238 1691 bene

92 1722 214 1766 gesta,
240 1714 517 1752 Alexandriam
545 1715 594 1752 ad
622 1714 827 1752 Caesarem
859 1714 1073 1760 contendit,
1103 1727 1238 1752 omnes

91 1788 168 1824 que
185 1787 249 1813 eas
281 1775 471 1825 regioneS,
507 1788 577 1825 per
595 1787 690 1826 quas
708 1775 781 1811 iter
798 1773 978 1820 faciebat,
1007 1775 1238 1812 auctoritate

91 1845 151 1881 ea,
167 1848 265 1886 quae
280 1835 505 1886 plerumque
520 1835 630 1873 adest
648 1835 798 1881 victori,
817 1836 989 1885 pacatat,
1004 1842 1120 1886 atque
1139 1835 1177 1872 in
1197 1848 1237 1873 a·

93 1896 275 1934 micitiam
296 1897 468 1934 Caesaris
487 1896 702 1946 redegerat.

142 1956 307 1993 XXVII.
359 1956 489 1995 Locus
508 1964 567 1994 est
589 1957 670 1994 fere
690 1956 891 2007 regionum
908 1956 1061 1994 illarum
1080 1957 1236 1994 nobilis-

89 2018 206 2054 simus
235 2030 313 2054 non
342 2017 397 2054 ita
414 2018 528 2067 longe
556 2018 604 2055 ab
634 2017 885 2062 Alexandria,
919 2017 985 2067 qui
1017 2018 1235 2055 nominatur

90 2078 221 2123 Delta,
242 2078 345 2128 quod
364 2091 504 2115 nomen
522 2090 546 2115 a
562 2078 811 2115 similitudine
830 2078 963 2115 literae
989 2079 1115 2129 cepit:
1146 2091 1235 2116 nam

89 2149 175 2187 pars
203 2138 391 2189 quaedam
420 2137 586 2176 fluminis
618 2138 712 2184 Nili,
740 2138 835 2175 mire
867 2138 1039 2176 derivata
1068 2139 1167 2176 inter
1193 2151 1235 2176 se

91 2198 241 2236 duobus
260 2199 473 2244 itineribus,
491 2199 689 2249 paullatim
708 2199 876 2237 medium
894 2199 995 2238 inter
1009 2212 1050 2237 se
1069 2200 1234 2250 spatium

91 2258 324 2310 relinquens,
344 2259 600 2298 diversissimo
619 2260 667 2297 ad
685 2260 793 2297 littus
812 2260 1013 2299 intervallo
1029 2260 1122 2297 mari
1143 2273 1235 2297 con-

86 2319 273 2369 jungitur.
311 2320 382 2357 Cui
402 2320 488 2359 loco
508 2333 625 2371 quum
645 2320 953 2372 appropinquare
973 2320 1231 2361 Mithridaten
