1472 2664
522 225 685 264 LIBER
737 225 789 264 II.
1159 223 1208 263 23⁷

78 329 283 375 accideret,
319 340 394 365 non
415 328 467 365 ita
484 328 604 366 multo
622 341 662 365 se
683 328 911 378 reliquorum
930 326 1068 363 civium
1087 325 1207 362 fatum

77 389 304 427 antecedere
323 388 596 433 existimarent,
626 388 774 438 quibus,
807 388 899 424 urbe
918 393 1042 436 capta,
1069 386 1203 423 eadem

79 457 180 486 esset
197 449 285 486 belli
297 448 446 485 fortuna
458 448 648 498 patienda.
676 448 930 497 Diductisque
945 446 1080 483 nostris
1100 445 1207 494 paul-

76 509 179 546 latim
198 509 365 554 navibus,
382 515 420 545 et
435 508 593 545 artificio
606 509 900 557 gubernatorum
920 505 1122 542 mobilitati
1141 518 1205 541 na-

76 569 176 606 vium
194 570 299 607 locus
318 569 490 613 dabatur,
519 576 570 613 et,
601 569 632 605 si
652 568 803 618 quando
822 567 955 612 nostri,
983 566 1204 603 facultatem

76 629 192 674 nacti,
223 628 353 666 ferreis
379 628 549 664 manibus
577 627 739 676 injectis,
771 639 904 663 navem
938 625 1204 674 religaverant‚

75 688 241 738 undique
260 688 335 725 suis
354 688 610 724 laborantibus
630 687 916 724 succurrebant.
945 685 1081 735 Neque
1101 698 1205 731 vero,

75 748 270 796 conjuncti
300 748 460 793 Albicis,
492 747 701 785 comminus
721 746 927 796 pugnando
955 746 1205 787 deficiebant;

73 818 196 856 neque
228 807 387 843 multum
418 807 605 843 cedebant
636 806 774 843 virtute
803 805 952 843 nostris.
1007 804 1125 841 Simul
1157 817 1206 840 ex

75 866 279 903 minoribus
312 866 468 904 navibus
487 878 623 916 magna
654 866 708 902 vis
727 866 872 901 eminus
900 865 1011 901 missa
1042 864 1206 900 telorum

74 926 191 963 multa
209 926 344 963 nostris
364 926 411 962 de
431 927 632 976 improviso
662 925 964 975 imprudentibus
992 933 1106 975 atque
1136 924 1204 960 im-

73 987 214 1037 peditis
232 987 386 1023 vulnera
405 986 642 1028 inferebant;
671 986 987 1035 conspicataeque
1007 997 1120 1021 naves
1140 985 1204 1021 tri-

74 1059 195 1084 remes
224 1058 256 1083 11
282 1059 414 1083 navem
435 1046 484 1082 D.
504 1045 625 1090 Bruti,
659 1057 754 1094 quae
774 1058 823 1081 ex
844 1045 980 1095 insigni
1006 1044 1117 1082 facile
1137 1057 1203 1094 ag-

75 1106 180 1144 nosci
199 1112 359 1155 poterat,
379 1106 522 1142 duabus
551 1117 598 1141 ex
619 1105 786 1154 partibus
805 1117 887 1141 sese
908 1105 943 1140 in
963 1116 1045 1141 earn
1071 1104 1203 1142 incita-

73 1173 225 1203 verant:
253 1166 319 1202 sed
344 1173 504 1210 tantum,
523 1178 562 1202 re
582 1165 743 1215 provisa,
765 1165 904 1200 Brutus
925 1164 1119 1201 celeritate
1139 1178 1204 1202 na-

70 1225 126 1261 vis
145 1225 270 1262 enisus
290 1233 358 1271 est,
389 1233 430 1262 ut
448 1238 562 1275 parvo
582 1232 774 1262 momento
799 1225 1056 1261 antecederet.
1111 1224 1204 1262 Illae

69 1285 169 1322 adeo
187 1285 352 1334 graviter
371 1285 469 1322 inter
487 1298 527 1322 se
548 1285 726 1322 incitatae
742 1284 1012 1330 conflixerunt,
1034 1292 1074 1320 ut
1090 1285 1202 1322 velie-

71 1345 303 1382 mentissime
332 1352 514 1395 utraeque
534 1358 582 1382 ex
609 1358 796 1382 concursu
815 1344 1057 1386 laborarent;
1083 1345 1204 1382 altera

70 1417 178 1450 vero,
206 1404 419 1454 praefracto
451 1412 587 1451 rostro,
615 1412 695 1442 tota
725 1404 994 1442 collabefieret.
1048 1405 1133 1445 Qua
1161 1418 1202 1442 re

74 1464 348 1510 animadversa,
377 1477 472 1515 quae
504 1465 697 1516 proximae
717 1464 751 1500 ei
771 1465 856 1502 loco
875 1477 924 1501 ex
945 1464 1053 1501 Bruti
1084 1465 1203 1502 classe

73 1536 187 1561 naves
207 1532 327 1570 erant,
359 1524 398 1561 in
417 1537 478 1562 eas
498 1524 696 1575 impeditas
715 1524 895 1574 impetum
914 1523 1072 1569 faciunt,
1103 1524 1202 1562 celc-

76 1584 244 1634 riterque
263 1585 390 1622 ambas
409 1585 638 1634 deprimunt.

119 1644 208 1680 Vll.
262 1644 338 1682 Sed
358 1645 586 1683 Nasidianae
606 1658 717 1683 naves
733 1646 835 1683 nullo
851 1646 934 1683 usui
949 1646 1116 1691 fuerunt,
1137 1660 1201 1684 cea

65 1703 271 1754 lei-iterque
290 1718 418 1755 pugna
435 1714 703 1743 excesserunt:
732 1719 807 1743 non
827 1707 927 1743 enim
946 1707 1013 1744 has
1026 1714 1091 1743 aut
1109 1720 1200 1743 con-

66 1771 219 1814 spectus
237 1765 396 1814 patriae,
427 1773 492 1802 aut
510 1766 808 1816 propinquorum
828 1776 1045 1817 praecepta,
1066 1767 1114 1803 ad
1133 1780 1201 1804 ex-

68 1831 229 1861 tremum
248 1824 348 1862 vitae
371 1825 582 1875 periculum
601 1826 705 1863 adire
733 1827 935 1875 cogebant.
988 1827 1123 1878 Itaque
1151 1840 1202 1865 ex

67 1896 113 1921 eo
131 1896 288 1935 numero
307 1885 455 1922 navium
471 1886 574 1923 nulla
591 1885 805 1923 desiderata
823 1894 898 1923 est:
919 1899 967 1924 ex
984 1887 1200 1925 Massilien-

64 1944 161 1982 sium
180 1945 298 1982 classe
320 1957 344 1981 v
364 1953 451 1983 sunt
470 1945 684 1995 depressae,
707 1959 751 1983 ιν
770 1955 918 1997 captae,
947 1958 961 1982 1
983 1960 1068 1984 cum
1090 1948 1200 1985 Nasi-

67 2003 187 2040 dianis
215 2004 407 2054 profugit:
446 2017 542 2055 quae
573 2018 702 2043 omnes
731 2006 945 2043 citeriorem
974 2006 1200 2056 Hispaniam

65 2064 293 2114 petiverunt.
347 2066 403 2102 At
421 2078 470 2102 ex
489 2065 641 2116 reliquis
661 2079 747 2112 una,
767 2067 972 2116 praemissa
991 2066 1203 2105 Massiliam

69 2123 182 2173 hujus
211 2125 340 2162 nuncii
363 2126 578 2176 perFerendi
604 2126 739 2176 gratia,
769 2140 885 2177 quum
900 2128 979 2176 jam
998 2129 1201 2178 appropin-

71 2191 206 2233 quaret
225 2185 321 2231 urbi,
351 2186 470 2222 omnis
489 2198 571 2224 sese
589 2187 792 2224 multitudo
810 2188 859 2224 ad
891 2190 1200 2237 cognoscendum

66 2242 222 2289 effudit;
248 2257 307 2291 ac,
326 2258 367 2284 re
386 2245 553 2296 cognita,
572 2252 700 2284 tantus
718 2246 844 2285 luctus
862 2247 1030 2298 excepit,
1050 2254 1092 2285 ut
1111 2248 1201 2285 urbs
