1472 2664
261 269 331 303 188
690 266 741 303 Α.
779 265 956 305 1-111t'r11

256 367 399 419 Thapsi
427 368 568 418 oppido
586 367 774 407 maritimo
803 376 991 421 praeerat,
1022 382 1137 420 quum
1158 369 1392 408 animadver-

254 431 376 476 tisset,
395 442 509 467 naves
528 429 695 480 singulas
713 442 803 467 cum
823 430 1000 470 exercitu
1019 431 1207 476 Caesaris,
1227 431 1394 470 incertas

252 489 424 527 locorum
439 497 555 541 atque
570 496 780 529 castrorum
799 503 968 536 suorum,
988 491 1134 540 vagari3
1153 491 1392 532 occasionem

256 559 406 598 nactus,
433 564 583 597 navem,
603 564 715 602 quam
735 551 786 590 ibi
805 551 952 596 habuit,
985 552 1193 591 actuariam
1213 552 1396 590 militibus

252 612 421 663 complet
439 619 479 650 et
506 612 733 662 sagittariis;
765 618 804 649 et
824 612 948 651 eidem
979 612 1138 662 scaphas
1166 612 1214 649 de
1234 612 1395 651 navibus

250 671 448 722 adjungit;
484 685 529 710 ac
558 672 727 723 singulas
756 685 870 710 naves
901 673 1149 711 Caesarianas
1179 673 1393 711 consectari

250 733 390 783 coepit·
439 733 502 779 Et,
525 747 656 784 quum,
676 733 804 783 plures
823 733 992 778 adortus,
1013 733 1142 783 pulsus
1164 733 1392 783 fugatusque

249 794 338 831 inde
357 794 605 839 discessisset,
624 806 697 832 nec
712 801 839 832 tamen
855 794 1055 833 desisteret
1073 794 1294 844 periclitari,
1314 794 1390 831 sor-

248 861 288 891 te
303 854 438 892 incidit
457 855 494 892 in
511 868 658 899 navem,
678 855 716 891 in
732 867 807 904 qua
825 862 934 892 eraut
953 855 1029 892 duo
1047 855 1152 899 Titii,
1176 854 1338 904 Hispani
1354 867 1392 892 a-

249 915 504 961 dolescentes,
519 915 661 952 tribuni
675 914 836 965 legionis
853 926 892 959 v,
913 927 1071 964 quorun]
1088 922 1235 964 patrem
1252 913 1393 951 Caesar

248 975 286 1012 in
307 983 481 1014 senatum
501 976 660 1026 legerat,
691 983 730 1012 et
749 989 836 1013 cum
862 975 920 1013 liis
941 975 986 1012 T.
1009 974 1197 1019 Salienus,
1217 975 1393 1015 centurio

246 1036 409 1087 legionis
428 1036 614 1086 ejusdem,
635 1036 699 1086 qui
721 1035 778 1073 Μ.
799 1036 1020 1074 Messallam
1039 1036 1208 1085 legatum
1229 1035 1390 1077 obsede-

247 1105 306 1134 rat
326 1097 544 1143 Messanae,
564 1105 604 1134 et
616 1096 903 1135 seditiosissima
918 1097 1088 1135 oratione
1104 1096 1206 1146 apud
1225 1109 1312 1133 eum
1334 1103 1392 1134 est

248 1171 355 1202 usus;
375 1158 552 1209 idemque
568 1158 784 1208 pecuniam,
805 1164 843 1195 et
859 1165 1083 1195 ornamenta
1098 1156 1277 1207 triumphi
1293 1158 1391 1195 Cae-

246 1220 339 1257 saris
368 1219 568 1257 retinenda
587 1226 625 1256 et
652 1218 906 1268 custodienda
924 1226 1145 1256 curaverat:
1181 1226 1221 1255 et
1245 1219 1296 1256 ob
1324 1219 1390 1257 has

246 1293 397 1318 caussas
422 1280 580 1317 timebat
598 1279 681 1316 sibi.
733 1278 812 1316 Hic
831 1286 988 1329 propter
1007 1278 1281 1317 conscientiam
1303 1291 1391 1328 pec·

246 1350 418 1380 catorum
437 1354 592 1378 suorum
618 1340 807 1391 persuasit
825 1340 1147 1385 adolescentibus,
1175 1353 1224 1377 ne
1252 1353 1392 1390 repug-

244 1409 392 1448 narent,
413 1413 572 1452 seseque
592 1400 754 1450 Virgilio
769 1400 977 1438 traderent.
1022 1400 1172 1452 Itaque,
1191 1399 1348 1441 deducti
1367 1413 1390 1438 a

241 1462 408 1513 Virgilio
423 1463 472 1500 ad
489 1462 723 1512 Scipionem,
745 1461 967 1500 custodibus
986 1461 1117 1500 traditi
1130 1469 1169 1498 et
1183 1468 1271 1512 post
1289 1461 1391 1499 diem

244 1536 297 1561 111
316 1531 404 1561 sunt
424 1522 630 1562 interfecti.
684 1523 759 1564 Qui
781 1536 899 1572 quum
919 1522 1152 1561 ducerentur
1170 1523 1219 1560 ad
1237 1536 1388 1570 necem,

241 1586 383 1636 petisse
410 1584 551 1622 dicitur
578 1585 699 1634 major
728 1583 853 1621 Titius
882 1595 904 1620 a
932 1583 1235 1630 centurionibus,
1267 1584 1320 1622 uti
1349 1597 1390 1622 se

242 1646 422 1696 priorem,
453 1658 566 1696 quam
596 1644 767 1690 fratrem,
801 1644 1083 1685 interficerent:
1113 1644 1227 1696 idque
1256 1645 1303 1683 ab
1333 1645 1388 1684 cis

241 1707 354 1744 facile
374 1707 612 1757 impetrasse,
632 1713 748 1755 atque
767 1705 820 1743 ita
838 1718 921 1743 esse
942 1705 1178 1743 interfectos.

293 1767 441 1804 XXIX.
497 1767 662 1805 Turmae
693 1766 843 1804 interim
865 1767 1049 1817 equitum,
1079 1780 1176 1817 quae
1200 1780 1270 1817 pro
1289 1767 1388 1806 vallo

240 1829 277 1864 in
298 1827 526 1865 stationibus
540 1840 623 1866 esse
639 1827 827 1873 solebant,
846 1828 893 1865 ab
911 1827 1080 1877 utrisque
1097 1828 1271 1873 ducibus,
1291 1841 1388 1879 quo·

242 1889 336 1927 tidie
355 1889 511 1926 minutis
541 1889 698 1940 proeliis
725 1888 825 1926 inter
852 1901 892 1925 se
914 1889 1135 1938 depugnare
1164 1902 1240 1927 non
1270 1890 1387 1927 inter-

241 1951 420 1988 mittunt:
449 1962 724 2000 nonnunquam
753 1948 868 1987 etiam
898 1949 1082 1987 Germani
1111 1949 1290 2001 Gallique
1313 1950 1388 1988 La-

237 2011 404 2048 bieniani
428 2024 516 2048 cum
547 2010 721 2049 Caesaris
749 2009 956 2060 equitibuS,
989 2010 1063 2047 fide
1084 2011 1185 2056 data,
1215 2011 1314 2048 inter
1343 2025 1383 2050 se

237 2072 567 2122 colloquebantur.
621 2070 816 2108 Labienus
845 2069 995 2107 interim
1023 2083 1109 2108 cum
1139 2077 1248 2121 parte
1280 2071 1386 2121 equi-

238 2139 339 2169 tatus
358 2131 514 2180 Leptim
532 2131 730 2181 oppidum,
751 2130 813 2167 cui
832 2138 1008 2181 praeerat
1029 2131 1191 2170 Saserna
1211 2144 1298 2168 cum
1318 2143 1384 2168 co-

234 2192 410 2229 hortibus
432 2206 498 2236 111,
518 2203 756 2242 oppugnare,
782 2204 827 2229 ac
847 2191 882 2227 vi
903 2191 1126 2241 irrumpere,
1147 2191 1384 2228 conabatur:

235 2253 340 2303 quod
358 2253 405 2290 ab
433 2252 698 2291 defensoribus
726 2259 884 2302 propter
903 2251 1097 2300 egregiam
1128 2251 1381 2289 munitionem

232 2313 378 2365 oppidi,
407 2321 446 2352 et
464 2320 743 2351 tormentorum
771 2311 1069 2357 multitudinem,
1101 2311 1213 2349 facile
1234 2319 1273 2349 et
1295 2311 1375 2349 sine
