1472 2664
236 268 310 304 120
532 265 607 302 DE
644 266 822 304 BELLO
862 267 1029 306 CIVILI

230 367 416 413 damnati,
441 369 685 419 exsulesque,
713 378 992 408 convenerant:
1021 370 1263 422 fugitivisque
1290 385 1369 410 om·-

231 429 343 466 nibus
363 429 501 466 nostris
517 438 644 467 certus
663 438 743 468 erat
760 431 1017 468 Alexandriae
1036 439 1227 481 receptus,
1247 441 1368 471 certa·

231 503 306 539 que
325 490 424 527 vitae
454 491 639 536 conditio,
669 499 725 537 ut,
754 491 844 529 dato
864 492 1033 537 nomine,
1060 492 1221 529 militum
1241 501 1369 530 essent

230 563 411 589 numero:
452 564 611 602 quorum
642 552 672 589 si
703 552 786 602 quis
819 564 840 589 a
870 552 1024 589 domino
1053 552 1369 602 prehenderetur,

229 624 417 649 concursu
437 612 598 648 militum
620 613 865 663 eripiebatur,
895 612 958 662 qui
978 612 1052 648 vim
1072 625 1239 658 suorum,
1268 614 1370 664 quod

229 670 267 708 in
287 671 397 707 simili
418 671 530 722 culpa
550 672 797 709 versabantur
826 672 909 722 ipsi,
939 684 1006 722 pro
1025 684 1093 708 suo
1113 671 1285 720 periculo
1303 671 1370 708 dc—

226 730 447 769 sendebant.
503 732 556 768 Hi
577 746 708 782 regum
728 733 872 770 amicos
887 732 934 769 ad
954 739 1115 769 mortem
1135 731 1370 781 deposcere;

227 791 267 828 hi
285 792 387 828 bona
406 792 638 842 locupletum
656 793 820 844 diripere
835 793 1013 843 stipendii
1034 792 1198 841 augendi
1220 804 1367 836 caussa,

228 852 328 902 regis
347 852 499 889 domum
521 853 710 899 obsidere,
730 866 849 903 regno
865 853 1057 903 expellere
1073 853 1179 898 alios,
1199 853 1291 889 alios
1310 865 1369 890 ar-

231 925 394 958 cessere,
413 922 543 950 vetere
559 914 722 964 quodam
739 914 991 951 Alexandrini
1011 913 1206 951 exercitus
1222 914 1370 950 institu-

229 980 283 1019 to,
304 983 593 1012 consueverant.
635 974 755 1012 Erant
773 984 972 1024 praeterea
991 975 1161 1024 equitum
1182 974 1298 1011 millia
1321 987 1368 1011 ιι.

229 1033 543 1072 Inveteraverant
575 1036 613 1072 hi
646 1049 777 1073 omncs
814 1036 1074 1086 compluribus
1109 1036 1367 1073 Alexandriae

238 1095 373 1138 bellis;
401 1096 663 1134 Ptolemaeum
693 1107 839 1147 patrem
870 1097 905 1132 in
926 1109 1086 1146 regnum
1113 1097 1368 1140 reduxerant3

228 1155 357 1193 Bibuli
377 1156 474 1194 filios
493 1157 589 1194 duos
615 1156 907 1199 interfecerant3
935 1157 1038 1194 bella
1057 1171 1143 1194 cum
1167 1158 1369 1210 Aegyptiis

229 1225 438 1268 gesserant.
492 1218 610 1256 Hunc
631 1231 739 1255 usum
761 1219 814 1255 rei
833 1218 1005 1256 militaris
1024 1218 1230 1256 habebant.

281 1278 385 1316 CXI.
442 1278 515 1315 His
535 1278 656 1329 copiis
674 1279 809 1324 fidens,
840 1279 1025 1324 Achillas,
1059 1280 1367 1331 paucitatemque

228 1337 390 1375 militum
405 1339 577 1377 Caesaris
593 1339 821 1390 despiciens,
841 1340 1057 1389 occupabat
1078 1340 1366 1387 Alexandriam,

228 1406 381 1449 praeter
400 1412 482 1437 eam
504 1400 633 1451 oppidi
659 1410 819 1451 partem,
840 1412 950 1451 quam
972 1401 1112 1438 Caesar
1132 1414 1219 1439 cum
1239 1402 1367 1439 militi-

228 1460 300 1496 bus
332 1461 502 1506 tenebat,
534 1461 656 1512 primo
687 1461 833 1511 impetu
863 1461 1017 1498 domum
1043 1462 1126 1511 ejus
1157 1461 1368 1513 irrumpere

229 1529 414 1559 conatus:
441 1522 510 1559 sed
538 1523 694 1567 Caesar,
727 1522 918 1572 dispositis
947 1535 1015 1573 per
1034 1522 1112 1559 vias
1133 1523 1368 1571 cohortibus,

229 1582 414 1633 impetum
432 1585 515 1632 ejus
533 1583 725 1620 sustinuit.
780 1583 1004 1634 Eodemque
1023 1591 1196 1634 tempore
1222 1597 1369 1635 pugna-

228 1650 309 1680 tum
330 1651 386 1681 est
406 1645 456 1681 ad
475 1651 644 1694 portum:
673 1657 718 1681 ac
737 1644 850 1694 longe
869 1644 1074 1681 maximam
1095 1656 1141 1681 ea
1158 1657 1218 1682 res
1237 1645 1367 1683 attulit

231 1704 528 1743 dimicationem.
583 1706 703 1743 Simul
724 1705 839 1751 enim,
860 1705 1024 1742 diductis
1044 1705 1176 1756 copiis,
1196 1705 1368 1756 pluribus

228 1765 297 1802 viis
316 1767 572 1816 pugnabatur,
604 1774 643 1804 et
662 1779 802 1816 magna
825 1765 1070 1803 multitudine
1090 1778 1206 1803 naves
1233 1766 1368 1817 longas

228 1838 418 1877 occupare
438 1827 567 1864 hostes
588 1827 851 1864 conabantur:
873 1839 1031 1877 quarum
1051 1834 1159 1864 erant
1179 1838 1202 1863 L
1223 1829 1366 1865 auxilio

228 1888 365 1926 missae
393 1888 442 1925 ad
462 1887 702 1938 Pompeium,
735 1887 957 1938 proelioque
978 1887 1015 1924 in
1043 1887 1238 1926 Thessalia
1264 1888 1369 1928 facto

228 1949 382 1986 domum
402 1949 607 1986 redierant.
661 1948 754 1985 Illae
774 1948 947 1985 triremes
966 1960 1098 1986 omnes
1117 1956 1156 1986 et
1183 1949 1368 2000 quinque-

228 2022 365 2055 remeS,
385 2018 496 2059 aptae
512 2008 795 2059 instructaeque
810 2008 985 2045 omnibus
1000 2008 1112 2045 rebus
1127 2009 1172 2046 ad
1187 2009 1368 2060 navigan-

228 2070 331 2108 dum.
386 2071 543 2108 Praeter
562 2070 643 2115 has,
664 2081 767 2115 xxti,
787 2081 883 2119 quae
902 2068 1079 2119 praesidii
1095 2081 1230 2107 caussa
1243 2070 1366 2108 Alex-

228 2130 382 2168 andriae
396 2143 477 2167 esse
493 2138 784 2176 consueverant,
801 2137 1017 2167 constratae
1037 2143 1168 2168 omnes
1183 2143 1193 2167 ε
1222 2143 1316 2181 quas
1333 2131 1366 2168 si

228 2191 531 2242 occupavissent,
552 2192 672 2230 classe
693 2190 847 2229 Caesari
866 2198 1011 2242 erepta,
1030 2198 1180 2242 portum
1196 2203 1241 2228 ac
1264 2203 1368 2229 mare

229 2260 353 2290 totum
382 2254 417 2289 in
437 2266 505 2290 sua
523 2260 711 2303 potestate
744 2252 943 2298 haberent,
964 2258 1178 2290 commeatu
1197 2251 1367 2290 auxiliis·

229 2327 304 2366 que
324 2313 526 2353 Caesarem
542 2314 801 2365 prohiberent.
854 2312 991 2364 Itaque
1011 2319 1117 2350 tanta
1132 2320 1191 2351 est
1209 2320 1366 2352 conten-
