<?xml version="1.0" encoding="UTF-8"?>
<!DOCTYPE html PUBLIC "-//W3C//DTD XHTML 1.0 Transitional//EN"
    "http://www.w3.org/TR/xhtml1/DTD/xhtml1-transitional.dtd">
<html xmlns="http://www.w3.org/1999/xhtml" xml:lang="en" lang="en">
 <head>
  <title>
</title>
<meta http-equiv="Content-Type" content="text/html;charset=utf-8" />
  <meta name='ocr-system' content='tesseract 3.04.00' />
  <meta name='ocr-capabilities' content='ocr_page ocr_carea ocr_par ocr_line ocrx_word'/>
</head>
<body>
  <div class='ocr_page' id='page_1' title='image "./debellogallicoet02caesuoft_0140.png"; bbox 0 0 1472 2664; ppageno 0'>
   <div class='ocr_carea' id='block_1_1' title="bbox 203 269 1013 310">
    <p class='ocr_par' dir='ltr' id='par_1_1' title="bbox 203 269 1013 310">
     <span class='ocr_line' id='line_1_1' title="bbox 203 269 1013 310; baseline -0.004 0"><span class='ocrx_word' id='word_1_1' title='bbox 203 274 273 310; x_wconf 77' lang='lat'><strong>116</strong></span> <span class='ocrx_word' id='word_1_2' title='bbox 510 270 585 307; x_wconf 88' lang='lat' dir='ltr'><strong>DE</strong></span> <span class='ocrx_word' id='word_1_3' title='bbox 626 269 804 307; x_wconf 88' lang='lat' dir='ltr'>BELLO</span> <span class='ocrx_word' id='word_1_4' title='bbox 847 271 1013 308; x_wconf 91' lang='lat' dir='ltr'>CIVILI</span> 
     </span>
    </p>
   </div>
   <div class='ocr_carea' id='block_1_2' title="bbox 198 373 1348 2369">
    <p class='ocr_par' dir='ltr' id='par_1_2' title="bbox 198 373 1348 789">
     <span class='ocr_line' id='line_1_2' title="bbox 199 373 1342 423; baseline 0 -13"><span class='ocrx_word' id='word_1_5' title='bbox 199 373 303 410; x_wconf 87' lang='lat' dir='ltr'><strong>missi</strong></span> <span class='ocrx_word' id='word_1_6' title='bbox 322 381 444 419; x_wconf 88' lang='lat' dir='ltr'><strong>erant,</strong></span> <span class='ocrx_word' id='word_1_7' title='bbox 477 374 656 411; x_wconf 86' lang='lat' dir='ltr'><strong>confecto</strong></span> <span class='ocrx_word' id='word_1_8' title='bbox 676 373 877 423; x_wconf 83' lang='lat' dir='ltr'><strong>legationis</strong></span> <span class='ocrx_word' id='word_1_9' title='bbox 911 373 1048 418; x_wconf 87' lang='lat' dir='ltr'><strong>officio,</strong></span> <span class='ocrx_word' id='word_1_10' title='bbox 1077 373 1234 411; x_wconf 86' lang='lat' dir='ltr'><strong>liberius</strong></span> <span class='ocrx_word' id='word_1_11' title='bbox 1255 387 1342 412; x_wconf 88' lang='lat' dir='ltr'><strong>cum</strong></span> 
     </span>
     <span class='ocr_line' id='line_1_3' title="bbox 198 434 1342 484; baseline 0.001 -14"><span class='ocrx_word' id='word_1_12' title='bbox 198 434 383 472; x_wconf 87' lang='lat' dir='ltr'>militibus</span> <span class='ocrx_word' id='word_1_13' title='bbox 401 434 502 484; x_wconf 85' lang='lat' dir='ltr'><strong>regis</strong></span> <span class='ocrx_word' id='word_1_14' title='bbox 522 434 687 484; x_wconf 84' lang='lat' dir='ltr'>colloqui</span> <span class='ocrx_word' id='word_1_15' title='bbox 707 442 931 484; x_wconf 87' lang='lat' dir='ltr'><strong>coeperunt,</strong></span> <span class='ocrx_word' id='word_1_16' title='bbox 951 446 1095 484; x_wconf 80' lang='lat' dir='ltr'><strong>eosque</strong></span> <span class='ocrx_word' id='word_1_17' title='bbox 1117 434 1276 481; x_wconf 84' lang='lat' dir='ltr'><strong>hortari,</strong></span> <span class='ocrx_word' id='word_1_18' title='bbox 1299 441 1342 471; x_wconf 86' lang='lat' dir='ltr'><strong>ut</strong></span> 
     </span>
     <span class='ocr_line' id='line_1_4' title="bbox 199 494 1340 546; baseline 0 -14"><span class='ocrx_word' id='word_1_19' title='bbox 199 508 309 532; x_wconf 90' lang='lat' dir='ltr'><strong>suum</strong></span> <span class='ocrx_word' id='word_1_20' title='bbox 329 495 492 533; x_wconf 89' lang='lat' dir='ltr'><strong>officium</strong></span> <span class='ocrx_word' id='word_1_21' title='bbox 514 494 699 546; x_wconf 88' lang='lat' dir='ltr'><strong>Pompeio</strong></span> <span class='ocrx_word' id='word_1_22' title='bbox 717 503 972 545; x_wconf 68' lang='lat' dir='ltr'>praestarent,</span> <span class='ocrx_word' id='word_1_23' title='bbox 1001 508 1097 532; x_wconf 83' lang='lat' dir='ltr'><strong>neve</strong></span> <span class='ocrx_word' id='word_1_24' title='bbox 1118 496 1199 545; x_wconf 90' lang='lat' dir='ltr'><strong>ejus</strong></span> <span class='ocrx_word' id='word_1_25' title='bbox 1218 495 1340 533; x_wconf 88' lang='lat' dir='ltr'><strong>fortu-</strong></span> 
     </span>
     <span class='ocr_line' id='line_1_5' title="bbox 199 555 1342 607; baseline 0 -14"><span class='ocrx_word' id='word_1_26' title='bbox 199 567 287 593; x_wconf 85' lang='lat' dir='ltr'><strong>nam</strong></span> <span class='ocrx_word' id='word_1_27' title='bbox 306 555 562 607; x_wconf 77' lang='lat' dir='ltr'><strong>despicerent.</strong></span> <span class='ocrx_word' id='word_1_28' title='bbox 616 556 662 592; x_wconf 89' lang='lat' dir='ltr'><strong>In</strong></span> <span class='ocrx_word' id='word_1_29' title='bbox 689 555 763 593; x_wconf 91' lang='lat' dir='ltr'><strong>hoc</strong></span> <span class='ocrx_word' id='word_1_30' title='bbox 793 564 902 593; x_wconf 85' lang='lat' dir='ltr'><strong>erant</strong></span> <span class='ocrx_word' id='word_1_31' title='bbox 937 568 1095 592; x_wconf 85' lang='lat' dir='ltr'><strong>numero</strong></span> <span class='ocrx_word' id='word_1_32' title='bbox 1127 556 1342 607; x_wconf 83' lang='lat' dir='ltr'><strong>complures</strong></span> 
     </span>
     <span class='ocr_line' id='line_1_6' title="bbox 200 616 1345 668; baseline 0.002 -15"><span class='ocrx_word' id='word_1_33' title='bbox 200 616 375 667; x_wconf 90' lang='lat' dir='ltr'><strong>Pompeii</strong></span> <span class='ocrx_word' id='word_1_34' title='bbox 394 617 554 659; x_wconf 89' lang='lat' dir='ltr'><strong>milites;</strong></span> <span class='ocrx_word' id='word_1_35' title='bbox 591 629 700 667; x_wconf 88' lang='lat' dir='ltr'><strong>quos,</strong></span> <span class='ocrx_word' id='word_1_36' title='bbox 730 629 779 654; x_wconf 88' lang='lat' dir='ltr'><strong>ex</strong></span> <span class='ocrx_word' id='word_1_37' title='bbox 800 618 882 666; x_wconf 84' lang='lat' dir='ltr'><strong>ejus</strong></span> <span class='ocrx_word' id='word_1_38' title='bbox 902 617 1077 654; x_wconf 87' lang='lat' dir='ltr'><strong>exercitu</strong></span> <span class='ocrx_word' id='word_1_39' title='bbox 1106 625 1287 668; x_wconf 87' lang='lat' dir='ltr'><strong>acceptos</strong></span> <span class='ocrx_word' id='word_1_40' title='bbox 1308 619 1345 654; x_wconf 89' lang='lat' dir='ltr'><strong>in</strong></span> 
     </span>
     <span class='ocr_line' id='line_1_7' title="bbox 203 676 1345 729; baseline 0.001 -15"><span class='ocrx_word' id='word_1_41' title='bbox 203 676 326 727; x_wconf 86' lang='lat' dir='ltr'><strong>Syria,</strong></span> <span class='ocrx_word' id='word_1_42' title='bbox 347 677 533 714; x_wconf 87' lang='lat' dir='ltr'><strong>Gabinius</strong></span> <span class='ocrx_word' id='word_1_43' title='bbox 555 676 831 714; x_wconf 80' lang='lat' dir='ltr'><strong>Alexandriam</strong></span> <span class='ocrx_word' id='word_1_44' title='bbox 851 677 1137 723; x_wconf 80' lang='lat' dir='ltr'><strong>transduxerat,</strong></span> <span class='ocrx_word' id='word_1_45' title='bbox 1164 678 1345 729; x_wconf 89' lang='lat' dir='ltr'><strong>belloque</strong></span> 
     </span>
     <span class='ocr_line' id='line_1_8' title="bbox 201 737 1348 789; baseline 0.001 -15"><span class='ocrx_word' id='word_1_46' title='bbox 201 737 382 775; x_wconf 88' lang='lat' dir='ltr'><strong>confecto</strong></span> <span class='ocrx_word' id='word_1_47' title='bbox 401 738 503 788; x_wconf 91' lang='lat' dir='ltr'><strong>apud</strong></span> <span class='ocrx_word' id='word_1_48' title='bbox 519 738 798 783; x_wconf 85' lang='lat' dir='ltr'><strong>Ptolemaeum,</strong></span> <span class='ocrx_word' id='word_1_49' title='bbox 818 746 967 788; x_wconf 86' lang='lat' dir='ltr'><strong>patrem</strong></span> <span class='ocrx_word' id='word_1_50' title='bbox 987 738 1109 788; x_wconf 87' lang='lat' dir='ltr'><strong>pueri,</strong></span> <span class='ocrx_word' id='word_1_51' title='bbox 1129 739 1348 789; x_wconf 78' lang='lat' dir='ltr'><strong>reliquerat.</strong></span> 
     </span>
    </p>

    <p class='ocr_par' dir='ltr' id='par_1_3' title="bbox 198 796 1348 1806">
     <span class='ocr_line' id='line_1_9' title="bbox 254 796 1344 848; baseline 0.001 -14"><span class='ocrx_word' id='word_1_52' title='bbox 254 796 357 834; x_wconf 87' lang='lat' dir='ltr'><strong>CIV.</strong></span> <span class='ocrx_word' id='word_1_53' title='bbox 412 797 485 834; x_wconf 85' lang='lat' dir='ltr'><strong>His</strong></span> <span class='ocrx_word' id='word_1_54' title='bbox 517 805 609 834; x_wconf 82' lang='lat' dir='ltr'><strong>tunc</strong></span> <span class='ocrx_word' id='word_1_55' title='bbox 635 798 801 848; x_wconf 86' lang='lat' dir='ltr'><strong>cognitis</strong></span> <span class='ocrx_word' id='word_1_56' title='bbox 829 799 956 844; x_wconf 83' lang='lat' dir='ltr'><strong>rebus,</strong></span> <span class='ocrx_word' id='word_1_57' title='bbox 989 799 1100 835; x_wconf 87' lang='lat' dir='ltr'><strong>amici</strong></span> <span class='ocrx_word' id='word_1_58' title='bbox 1127 799 1240 848; x_wconf 83' lang='lat' dir='ltr'><strong>regis,</strong></span> <span class='ocrx_word' id='word_1_59' title='bbox 1279 799 1344 848; x_wconf 91' lang='lat' dir='ltr'><strong>qui</strong></span> 
     </span>
     <span class='ocr_line' id='line_1_10' title="bbox 200 858 1347 908; baseline 0.002 -16"><span class='ocrx_word' id='word_1_60' title='bbox 200 865 357 906; x_wconf 87' lang='lat' dir='ltr'><strong>propter</strong></span> <span class='ocrx_word' id='word_1_61' title='bbox 375 863 540 894; x_wconf 79' lang='lat' dir='ltr'><strong>aetatem</strong></span> <span class='ocrx_word' id='word_1_62' title='bbox 561 858 642 907; x_wconf 87' lang='lat' dir='ltr'><strong>ejus</strong></span> <span class='ocrx_word' id='word_1_63' title='bbox 662 858 699 894; x_wconf 92' lang='lat' dir='ltr'><strong>in</strong></span> <span class='ocrx_word' id='word_1_64' title='bbox 720 859 990 908; x_wconf 80' lang='lat' dir='ltr'><strong>procuratione</strong></span> <span class='ocrx_word' id='word_1_65' title='bbox 1011 866 1118 896; x_wconf 85' lang='lat' dir='ltr'><strong>crant</strong></span> <span class='ocrx_word' id='word_1_66' title='bbox 1139 859 1270 908; x_wconf 79' lang='lat' dir='ltr'><strong>regni3</strong></span> <span class='ocrx_word' id='word_1_67' title='bbox 1299 859 1347 895; x_wconf 87' lang='lat' dir='ltr'><strong>si-</strong></span> 
     </span>
     <span class='ocr_line' id='line_1_11' title="bbox 201 917 1348 969; baseline 0.002 -15"><span class='ocrx_word' id='word_1_68' title='bbox 201 929 247 955; x_wconf 90' lang='lat' dir='ltr'><strong>ve</strong></span> <span class='ocrx_word' id='word_1_69' title='bbox 267 917 403 955; x_wconf 83' lang='lat' dir='ltr'><strong>timore</strong></span> <span class='ocrx_word' id='word_1_70' title='bbox 422 918 594 964; x_wconf 81' lang='lat' dir='ltr'><strong>adducti,</strong></span> <span class='ocrx_word' id='word_1_71' title='bbox 624 926 666 955; x_wconf 84' lang='lat' dir='ltr'><strong>ut</strong></span> <span class='ocrx_word' id='word_1_72' title='bbox 683 926 820 969; x_wconf 84' lang='lat' dir='ltr'><strong>postea</strong></span> <span class='ocrx_word' id='word_1_73' title='bbox 836 919 1122 968; x_wconf 80' lang='lat' dir='ltr'><strong>praedicabant,</strong></span> <span class='ocrx_word' id='word_1_74' title='bbox 1142 919 1348 956; x_wconf 87' lang='lat' dir='ltr'><strong>sollicitato</strong></span> 
     </span>
     <span class='ocr_line' id='line_1_12' title="bbox 201 979 1348 1030; baseline 0 -14"><span class='ocrx_word' id='word_1_75' title='bbox 201 979 377 1017; x_wconf 82' lang='lat' dir='ltr'><strong>exercitu</strong></span> <span class='ocrx_word' id='word_1_76' title='bbox 408 979 528 1029; x_wconf 86' lang='lat' dir='ltr'><strong>regio,</strong></span> <span class='ocrx_word' id='word_1_77' title='bbox 561 992 609 1016; x_wconf 89' lang='lat' dir='ltr'><strong>ne</strong></span> <span class='ocrx_word' id='word_1_78' title='bbox 642 979 850 1028; x_wconf 84' lang='lat' dir='ltr'><strong>Pompeius</strong></span> <span class='ocrx_word' id='word_1_79' title='bbox 878 979 1154 1016; x_wconf 77' lang='lat' dir='ltr'><strong>Alexandriam</strong></span> <span class='ocrx_word' id='word_1_80' title='bbox 1188 981 1348 1030; x_wconf 82' lang='lat' dir='ltr'><strong>Aegyp-</strong></span> 
     </span>
     <span class='ocr_line' id='line_1_13' title="bbox 202 1039 1347 1090; baseline 0 -14"><span class='ocrx_word' id='word_1_81' title='bbox 202 1047 362 1089; x_wconf 87' lang='lat' dir='ltr'><strong>tumque</strong></span> <span class='ocrx_word' id='word_1_82' title='bbox 377 1046 603 1089; x_wconf 87' lang='lat' dir='ltr'><strong>occuparet;</strong></span> <span class='ocrx_word' id='word_1_83' title='bbox 622 1039 700 1076; x_wconf 89' lang='lat' dir='ltr'><strong>sive</strong></span> <span class='ocrx_word' id='word_1_84' title='bbox 716 1040 899 1090; x_wconf 83' lang='lat' dir='ltr'><strong>despecta</strong></span> <span class='ocrx_word' id='word_1_85' title='bbox 919 1042 1000 1089; x_wconf 85' lang='lat' dir='ltr'><strong>ejus</strong></span> <span class='ocrx_word' id='word_1_86' title='bbox 1018 1040 1186 1085; x_wconf 81' lang='lat' dir='ltr'><strong>fortuna,</strong></span> <span class='ocrx_word' id='word_1_87' title='bbox 1207 1047 1249 1076; x_wconf 92' lang='lat' dir='ltr'><strong>ut</strong></span> <span class='ocrx_word' id='word_1_88' title='bbox 1267 1040 1347 1090; x_wconf 87' lang='lat' dir='ltr'><strong>ple·</strong></span> 
     </span>
     <span class='ocr_line' id='line_1_14' title="bbox 201 1100 1346 1150; baseline -0.001 -13"><span class='ocrx_word' id='word_1_89' title='bbox 201 1113 361 1150; x_wconf 81' lang='lat' dir='ltr'><strong>rumque</strong></span> <span class='ocrx_word' id='word_1_90' title='bbox 381 1100 418 1136; x_wconf 87' lang='lat' dir='ltr'><strong>in</strong></span> <span class='ocrx_word' id='word_1_91' title='bbox 439 1100 656 1137; x_wconf 85' lang='lat' dir='ltr'><strong>calamitate</strong></span> <span class='ocrx_word' id='word_1_92' title='bbox 675 1112 723 1137; x_wconf 83' lang='lat' dir='ltr'><strong>ex</strong></span> <span class='ocrx_word' id='word_1_93' title='bbox 744 1100 876 1137; x_wconf 89' lang='lat' dir='ltr'><strong>amicis</strong></span> <span class='ocrx_word' id='word_1_94' title='bbox 900 1100 1041 1138; x_wconf 89' lang='lat' dir='ltr'><strong>inimici</strong></span> <span class='ocrx_word' id='word_1_95' title='bbox 1062 1100 1233 1138; x_wconf 88' lang='lat' dir='ltr'><strong>existunt</strong></span> <span class='ocrx_word' id='word_1_96' title='bbox 1251 1116 1259 1143; x_wconf 90' lang='lat'>;</span> <span class='ocrx_word' id='word_1_97' title='bbox 1289 1100 1346 1145; x_wconf 88' lang='lat' dir='ltr'><strong>iis,</strong></span> 
     </span>
     <span class='ocr_line' id='line_1_15' title="bbox 201 1160 1346 1212; baseline 0 -14"><span class='ocrx_word' id='word_1_98' title='bbox 201 1162 267 1212; x_wconf 90' lang='lat' dir='ltr'><strong>qui</strong></span> <span class='ocrx_word' id='word_1_99' title='bbox 286 1168 395 1198; x_wconf 87' lang='lat' dir='ltr'><strong>erant</strong></span> <span class='ocrx_word' id='word_1_100' title='bbox 413 1162 460 1198; x_wconf 87' lang='lat' dir='ltr'><strong>ab</strong></span> <span class='ocrx_word' id='word_1_101' title='bbox 476 1174 522 1198; x_wconf 89' lang='lat' dir='ltr'><strong>eo</strong></span> <span class='ocrx_word' id='word_1_102' title='bbox 541 1160 658 1207; x_wconf 85' lang='lat' dir='ltr'><strong>missi,</strong></span> <span class='ocrx_word' id='word_1_103' title='bbox 677 1161 802 1211; x_wconf 85' lang='lat' dir='ltr'><strong>palam</strong></span> <span class='ocrx_word' id='word_1_104' title='bbox 822 1161 1032 1198; x_wconf 86' lang='lat' dir='ltr'><strong>liberaliter</strong></span> <span class='ocrx_word' id='word_1_105' title='bbox 1052 1161 1346 1211; x_wconf 79' lang='lat' dir='ltr'><strong>responderunt,</strong></span> 
     </span>
     <span class='ocr_line' id='line_1_16' title="bbox 201 1221 1347 1273; baseline -0.001 -13"><span class='ocrx_word' id='word_1_106' title='bbox 201 1235 367 1273; x_wconf 86' lang='lat' dir='ltr'><strong>eumque</strong></span> <span class='ocrx_word' id='word_1_107' title='bbox 393 1222 441 1259; x_wconf 85' lang='lat' dir='ltr'><strong>ad</strong></span> <span class='ocrx_word' id='word_1_108' title='bbox 459 1234 590 1272; x_wconf 88' lang='lat' dir='ltr'><strong>regem</strong></span> <span class='ocrx_word' id='word_1_109' title='bbox 608 1221 738 1259; x_wconf 89' lang='lat' dir='ltr'><strong>venire</strong></span> <span class='ocrx_word' id='word_1_110' title='bbox 752 1223 971 1271; x_wconf 86' lang='lat' dir='ltr'><strong>jusserunt:</strong></span> <span class='ocrx_word' id='word_1_111' title='bbox 999 1222 1082 1272; x_wconf 88' lang='lat' dir='ltr'><strong>ipsi,</strong></span> <span class='ocrx_word' id='word_1_112' title='bbox 1111 1223 1208 1260; x_wconf 86' lang='lat' dir='ltr'><strong>clam</strong></span> <span class='ocrx_word' id='word_1_113' title='bbox 1225 1223 1347 1260; x_wconf 91' lang='lat' dir='ltr'><strong>consi-</strong></span> 
     </span>
     <span class='ocr_line' id='line_1_17' title="bbox 198 1282 1345 1333; baseline 0 -12"><span class='ocrx_word' id='word_1_114' title='bbox 198 1284 253 1321; x_wconf 91' lang='lat' dir='ltr'><strong>lio</strong></span> <span class='ocrx_word' id='word_1_115' title='bbox 271 1284 380 1330; x_wconf 90' lang='lat' dir='ltr'><strong>inito,</strong></span> <span class='ocrx_word' id='word_1_116' title='bbox 401 1283 596 1328; x_wconf 84' lang='lat' dir='ltr'><strong>Achillan,</strong></span> <span class='ocrx_word' id='word_1_117' title='bbox 616 1282 852 1333; x_wconf 88' lang='lat' dir='ltr'><strong>praefectum</strong></span> <span class='ocrx_word' id='word_1_118' title='bbox 874 1283 1036 1332; x_wconf 82' lang='lat' dir='ltr'><strong>regium,</strong></span> <span class='ocrx_word' id='word_1_119' title='bbox 1065 1284 1247 1333; x_wconf 82' lang='lat' dir='ltr'><strong>singulari</strong></span> <span class='ocrx_word' id='word_1_120' title='bbox 1277 1284 1345 1321; x_wconf 88' lang='lat' dir='ltr'><strong>ho-</strong></span> 
     </span>
     <span class='ocr_line' id='line_1_18' title="bbox 202 1342 1347 1391; baseline -0.003 -10"><span class='ocrx_word' id='word_1_121' title='bbox 202 1344 344 1382; x_wconf 89' lang='lat' dir='ltr'><strong>minem</strong></span> <span class='ocrx_word' id='word_1_122' title='bbox 359 1343 532 1389; x_wconf 84' lang='lat' dir='ltr'><strong>audacia,</strong></span> <span class='ocrx_word' id='word_1_123' title='bbox 559 1350 600 1379; x_wconf 89' lang='lat' dir='ltr'><strong>et</strong></span> <span class='ocrx_word' id='word_1_124' title='bbox 620 1342 664 1379; x_wconf 88' lang='lat' dir='ltr'><strong>L.</strong></span> <span class='ocrx_word' id='word_1_125' title='bbox 686 1342 926 1391; x_wconf 86' lang='lat' dir='ltr'><strong>Septimium,</strong></span> <span class='ocrx_word' id='word_1_126' title='bbox 955 1342 1149 1378; x_wconf 87' lang='lat' dir='ltr'><strong>tribunum</strong></span> <span class='ocrx_word' id='word_1_127' title='bbox 1170 1342 1347 1387; x_wconf 84' lang='lat' dir='ltr'><strong>militum,</strong></span> 
     </span>
     <span class='ocr_line' id='line_1_19' title="bbox 201 1402 1347 1453; baseline -0.003 -10"><span class='ocrx_word' id='word_1_128' title='bbox 201 1405 251 1443; x_wconf 86' lang='lat' dir='ltr'><strong>ad</strong></span> <span class='ocrx_word' id='word_1_129' title='bbox 270 1403 578 1442; x_wconf 86' lang='lat' dir='ltr'><strong>interficiendum</strong></span> <span class='ocrx_word' id='word_1_130' title='bbox 602 1402 828 1453; x_wconf 90' lang='lat' dir='ltr'><strong>Pompeium</strong></span> <span class='ocrx_word' id='word_1_131' title='bbox 848 1403 1046 1440; x_wconf 86' lang='lat' dir='ltr'><strong>miserunt.</strong></span> <span class='ocrx_word' id='word_1_132' title='bbox 1093 1404 1157 1440; x_wconf 93' lang='lat' dir='ltr'><strong>Ab</strong></span> <span class='ocrx_word' id='word_1_133' title='bbox 1177 1402 1235 1439; x_wconf 85' lang='lat' dir='ltr'><strong>his</strong></span> <span class='ocrx_word' id='word_1_134' title='bbox 1254 1403 1347 1440; x_wconf 89' lang='lat' dir='ltr'><strong>libe-</strong></span> 
     </span>
     <span class='ocr_line' id='line_1_20' title="bbox 201 1462 1347 1515; baseline -0.002 -12"><span class='ocrx_word' id='word_1_135' title='bbox 201 1466 333 1504; x_wconf 90' lang='lat' dir='ltr'><strong>raliter</strong></span> <span class='ocrx_word' id='word_1_136' title='bbox 350 1465 431 1515; x_wconf 83' lang='lat' dir='ltr'><strong>ipse</strong></span> <span class='ocrx_word' id='word_1_137' title='bbox 447 1464 673 1515; x_wconf 84' lang='lat' dir='ltr'><strong>appellatus,</strong></span> <span class='ocrx_word' id='word_1_138' title='bbox 689 1471 727 1500; x_wconf 87' lang='lat' dir='ltr'><strong>et</strong></span> <span class='ocrx_word' id='word_1_139' title='bbox 742 1463 904 1513; x_wconf 86' lang='lat' dir='ltr'><strong>quadam</strong></span> <span class='ocrx_word' id='word_1_140' title='bbox 920 1463 1057 1500; x_wconf 78' lang='lat' dir='ltr'><strong>notitia</strong></span> <span class='ocrx_word' id='word_1_141' title='bbox 1072 1462 1244 1514; x_wconf 89' lang='lat' dir='ltr'><strong>Septimii</strong></span> <span class='ocrx_word' id='word_1_142' title='bbox 1261 1477 1347 1514; x_wconf 85' lang='lat' dir='ltr'><strong>pro--</strong></span> 
     </span>
     <span class='ocr_line' id='line_1_21' title="bbox 204 1523 1346 1576; baseline -0.001 -13"><span class='ocrx_word' id='word_1_143' title='bbox 204 1526 361 1569; x_wconf 88' lang='lat' dir='ltr'><strong>ductus,</strong></span> <span class='ocrx_word' id='word_1_144' title='bbox 392 1524 495 1576; x_wconf 92' lang='lat' dir='ltr'><strong>quod</strong></span> <span class='ocrx_word' id='word_1_145' title='bbox 527 1524 629 1561; x_wconf 90' lang='lat' dir='ltr'><strong>bello</strong></span> <span class='ocrx_word' id='word_1_146' title='bbox 655 1523 891 1575; x_wconf 89' lang='lat' dir='ltr'><strong>praedonum</strong></span> <span class='ocrx_word' id='word_1_147' title='bbox 923 1524 1025 1574; x_wconf 85' lang='lat' dir='ltr'><strong>apud</strong></span> <span class='ocrx_word' id='word_1_148' title='bbox 1055 1537 1142 1561; x_wconf 88' lang='lat' dir='ltr'><strong>cum</strong></span> <span class='ocrx_word' id='word_1_149' title='bbox 1173 1523 1346 1562; x_wconf 88' lang='lat' dir='ltr'><strong>ordinem</strong></span> 
     </span>
     <span class='ocr_line' id='line_1_22' title="bbox 207 1584 1348 1635; baseline -0.002 -11"><span class='ocrx_word' id='word_1_150' title='bbox 207 1586 386 1630; x_wconf 80' lang='lat' dir='ltr'><strong>duxerat,</strong></span> <span class='ocrx_word' id='word_1_151' title='bbox 416 1584 630 1622; x_wconf 87' lang='lat' dir='ltr'><strong>naviculam</strong></span> <span class='ocrx_word' id='word_1_152' title='bbox 651 1585 844 1635; x_wconf 86' lang='lat' dir='ltr'><strong>parvulam</strong></span> <span class='ocrx_word' id='word_1_153' title='bbox 865 1585 1091 1622; x_wconf 77' lang='lat' dir='ltr'><strong>conscendit</strong></span> <span class='ocrx_word' id='word_1_154' title='bbox 1110 1598 1195 1622; x_wconf 89' lang='lat' dir='ltr'><strong>cum</strong></span> <span class='ocrx_word' id='word_1_155' title='bbox 1215 1586 1348 1635; x_wconf 86' lang='lat' dir='ltr'><strong>paucis</strong></span> 
     </span>
     <span class='ocr_line' id='line_1_23' title="bbox 204 1644 1346 1696; baseline -0.002 -12"><span class='ocrx_word' id='word_1_156' title='bbox 204 1646 297 1692; x_wconf 88' lang='lat' dir='ltr'><strong>suis,</strong></span> <span class='ocrx_word' id='word_1_157' title='bbox 317 1653 356 1683; x_wconf 86' lang='lat' dir='ltr'><strong>et</strong></span> <span class='ocrx_word' id='word_1_158' title='bbox 376 1646 425 1682; x_wconf 90' lang='lat' dir='ltr'><strong>ibi</strong></span> <span class='ocrx_word' id='word_1_159' title='bbox 443 1646 490 1683; x_wconf 91' lang='lat' dir='ltr'><strong>ab</strong></span> <span class='ocrx_word' id='word_1_160' title='bbox 512 1645 667 1682; x_wconf 88' lang='lat' dir='ltr'><strong>Achilla</strong></span> <span class='ocrx_word' id='word_1_161' title='bbox 686 1652 724 1682; x_wconf 88' lang='lat' dir='ltr'><strong>et</strong></span> <span class='ocrx_word' id='word_1_162' title='bbox 744 1644 930 1696; x_wconf 85' lang='lat' dir='ltr'><strong>Septimio</strong></span> <span class='ocrx_word' id='word_1_163' title='bbox 950 1645 1189 1683; x_wconf 84' lang='lat' dir='ltr'><strong>interficitur.</strong></span> <span class='ocrx_word' id='word_1_164' title='bbox 1248 1646 1346 1683; x_wconf 87' lang='lat' dir='ltr'><strong>Item</strong></span> 
     </span>
     <span class='ocr_line' id='line_1_24' title="bbox 202 1706 1348 1757; baseline 0.001 -13"><span class='ocrx_word' id='word_1_165' title='bbox 202 1707 250 1745; x_wconf 89' lang='lat' dir='ltr'><strong>L.</strong></span> <span class='ocrx_word' id='word_1_166' title='bbox 270 1707 458 1744; x_wconf 84' lang='lat' dir='ltr'><strong>Lentulus</strong></span> <span class='ocrx_word' id='word_1_167' title='bbox 483 1706 822 1757; x_wconf 88' lang='lat' dir='ltr'><strong>comprehenditur</strong></span> <span class='ocrx_word' id='word_1_168' title='bbox 850 1706 898 1743; x_wconf 86' lang='lat' dir='ltr'><strong>ab</strong></span> <span class='ocrx_word' id='word_1_169' title='bbox 917 1719 1021 1756; x_wconf 84' lang='lat' dir='ltr'><strong>rege,</strong></span> <span class='ocrx_word' id='word_1_170' title='bbox 1053 1714 1092 1743; x_wconf 93' lang='lat' dir='ltr'><strong>ct</strong></span> <span class='ocrx_word' id='word_1_171' title='bbox 1112 1706 1150 1743; x_wconf 91' lang='lat' dir='ltr'><strong>in</strong></span> <span class='ocrx_word' id='word_1_172' title='bbox 1171 1707 1348 1745; x_wconf 79' lang='lat' dir='ltr'><strong>custodia</strong></span> 
     </span>
     <span class='ocr_line' id='line_1_25' title="bbox 204 1776 377 1806; baseline 0.006 -2"><span class='ocrx_word' id='word_1_173' title='bbox 204 1776 377 1806; x_wconf 87' lang='lat' dir='ltr'><strong>necatur.</strong></span> 
     </span>
    </p>

    <p class='ocr_par' dir='ltr' id='par_1_4' title="bbox 200 1827 1348 2369">
     <span class='ocr_line' id='line_1_26' title="bbox 255 1827 1348 1879; baseline 0 -13"><span class='ocrx_word' id='word_1_174' title='bbox 255 1827 338 1866; x_wconf 85' lang='lat' dir='ltr'><strong>CV.</strong></span> <span class='ocrx_word' id='word_1_175' title='bbox 392 1829 547 1875; x_wconf 80' lang='lat' dir='ltr'><strong>Caesar,</strong></span> <span class='ocrx_word' id='word_1_176' title='bbox 576 1841 691 1879; x_wconf 90' lang='lat' dir='ltr'><strong>quum</strong></span> <span class='ocrx_word' id='word_1_177' title='bbox 712 1827 751 1865; x_wconf 92' lang='lat' dir='ltr'><strong>in</strong></span> <span class='ocrx_word' id='word_1_178' title='bbox 779 1828 910 1866; x_wconf 85' lang='lat' dir='ltr'><strong>Asiam</strong></span> <span class='ocrx_word' id='word_1_179' title='bbox 932 1828 1112 1873; x_wconf 85' lang='lat' dir='ltr'><strong>venisset,</strong></span> <span class='ocrx_word' id='word_1_180' title='bbox 1132 1827 1348 1878; x_wconf 88' lang='lat' dir='ltr'><strong>reperiebat</strong></span> 
     </span>
     <span class='ocr_line' id='line_1_27' title="bbox 203 1888 1344 1939; baseline 0 -12"><span class='ocrx_word' id='word_1_181' title='bbox 203 1890 250 1927; x_wconf 87' lang='lat' dir='ltr'><strong>T.</strong></span> <span class='ocrx_word' id='word_1_182' title='bbox 271 1889 454 1939; x_wconf 89' lang='lat' dir='ltr'><strong>Ampium</strong></span> <span class='ocrx_word' id='word_1_183' title='bbox 472 1897 651 1927; x_wconf 90' lang='lat' dir='ltr'><strong>conatum</strong></span> <span class='ocrx_word' id='word_1_184' title='bbox 668 1901 752 1927; x_wconf 89' lang='lat' dir='ltr'><strong>esse</strong></span> <span class='ocrx_word' id='word_1_185' title='bbox 771 1889 907 1926; x_wconf 87' lang='lat' dir='ltr'><strong>tollere</strong></span> <span class='ocrx_word' id='word_1_186' title='bbox 929 1889 1110 1939; x_wconf 86' lang='lat' dir='ltr'><strong>pecunias</strong></span> <span class='ocrx_word' id='word_1_187' title='bbox 1128 1888 1281 1939; x_wconf 84' lang='lat' dir='ltr'><strong>Epheso</strong></span> <span class='ocrx_word' id='word_1_188' title='bbox 1297 1904 1344 1927; x_wconf 80' lang='lat' dir='ltr'><strong>ex</strong></span> 
     </span>
     <span class='ocr_line' id='line_1_28' title="bbox 204 1950 1346 2001; baseline -0.001 -13"><span class='ocrx_word' id='word_1_189' title='bbox 204 1951 294 1988; x_wconf 84' lang='lat' dir='ltr'><strong>fano</strong></span> <span class='ocrx_word' id='word_1_190' title='bbox 315 1951 478 1997; x_wconf 85' lang='lat' dir='ltr'><strong>Dianae,</strong></span> <span class='ocrx_word' id='word_1_191' title='bbox 497 1953 656 2001; x_wconf 78' lang='lat' dir='ltr'><strong>eJusque</strong></span> <span class='ocrx_word' id='word_1_192' title='bbox 677 1950 731 1987; x_wconf 88' lang='lat' dir='ltr'><strong>rei</strong></span> <span class='ocrx_word' id='word_1_193' title='bbox 759 1962 892 1987; x_wconf 85' lang='lat' dir='ltr'><strong>caussa</strong></span> <span class='ocrx_word' id='word_1_194' title='bbox 921 1957 1116 1987; x_wconf 88' lang='lat' dir='ltr'><strong>senatores</strong></span> <span class='ocrx_word' id='word_1_195' title='bbox 1145 1963 1276 1987; x_wconf 89' lang='lat' dir='ltr'><strong>omnes</strong></span> <span class='ocrx_word' id='word_1_196' title='bbox 1297 1964 1346 1987; x_wconf 79' lang='lat' dir='ltr'><strong>ex</strong></span> 
     </span>
     <span class='ocr_line' id='line_1_29' title="bbox 201 2010 1345 2063; baseline 0 -14"><span class='ocrx_word' id='word_1_197' title='bbox 201 2012 398 2063; x_wconf 87' lang='lat' dir='ltr'><strong>provincia</strong></span> <span class='ocrx_word' id='word_1_198' title='bbox 416 2012 610 2057; x_wconf 76' lang='lat' dir='ltr'><strong>evocasse,</strong></span> <span class='ocrx_word' id='word_1_199' title='bbox 630 2018 673 2048; x_wconf 91' lang='lat' dir='ltr'><strong>ut</strong></span> <span class='ocrx_word' id='word_1_200' title='bbox 692 2011 735 2048; x_wconf 93' lang='lat' dir='ltr'><strong>iis</strong></span> <span class='ocrx_word' id='word_1_201' title='bbox 755 2011 914 2048; x_wconf 88' lang='lat' dir='ltr'><strong>testibus</strong></span> <span class='ocrx_word' id='word_1_202' title='bbox 935 2010 970 2046; x_wconf 93' lang='lat' dir='ltr'><strong>in</strong></span> <span class='ocrx_word' id='word_1_203' title='bbox 992 2023 1139 2048; x_wconf 86' lang='lat' dir='ltr'><strong>summa</strong></span> <span class='ocrx_word' id='word_1_204' title='bbox 1158 2012 1345 2061; x_wconf 85' lang='lat' dir='ltr'><strong>pecuniae</strong></span> 
     </span>
     <span class='ocr_line' id='line_1_30' title="bbox 203 2071 1345 2123; baseline -0.001 -13"><span class='ocrx_word' id='word_1_205' title='bbox 203 2079 398 2115; x_wconf 85' lang='lat' dir='ltr'><strong>uteretur;</strong></span> <span class='ocrx_word' id='word_1_206' title='bbox 427 2072 508 2117; x_wconf 89' lang='lat' dir='ltr'><strong>sed,</strong></span> <span class='ocrx_word' id='word_1_207' title='bbox 540 2071 826 2122; x_wconf 86' lang='lat' dir='ltr'><strong>interpellatum</strong></span> <span class='ocrx_word' id='word_1_208' title='bbox 851 2071 1018 2108; x_wconf 83' lang='lat' dir='ltr'><strong>adventu</strong></span> <span class='ocrx_word' id='word_1_209' title='bbox 1040 2072 1227 2117; x_wconf 85' lang='lat' dir='ltr'><strong>Caesaris,</strong></span> <span class='ocrx_word' id='word_1_210' title='bbox 1256 2086 1345 2123; x_wconf 86' lang='lat' dir='ltr'><strong>pro-</strong></span> 
     </span>
     <span class='ocr_line' id='line_1_31' title="bbox 200 2132 1347 2183; baseline 0.001 -13"><span class='ocrx_word' id='word_1_211' title='bbox 200 2133 357 2183; x_wconf 85' lang='lat' dir='ltr'><strong>fugisse.</strong></span> <span class='ocrx_word' id='word_1_212' title='bbox 411 2132 472 2170; x_wconf 89' lang='lat' dir='ltr'><strong>Ita</strong></span> <span class='ocrx_word' id='word_1_213' title='bbox 500 2133 650 2170; x_wconf 90' lang='lat' dir='ltr'><strong>duobus</strong></span> <span class='ocrx_word' id='word_1_214' title='bbox 678 2133 914 2182; x_wconf 80' lang='lat' dir='ltr'><strong>temporibus</strong></span> <span class='ocrx_word' id='word_1_215' title='bbox 947 2132 1136 2182; x_wconf 85' lang='lat' dir='ltr'><strong>Ephesiae</strong></span> <span class='ocrx_word' id='word_1_216' title='bbox 1159 2134 1347 2182; x_wconf 88' lang='lat' dir='ltr'><strong>pecuniae</strong></span> 
     </span>
     <span class='ocr_line' id='line_1_32' title="bbox 203 2193 1345 2238; baseline -0.001 -6"><span class='ocrx_word' id='word_1_217' title='bbox 203 2195 347 2233; x_wconf 80' lang='lat' dir='ltr'><strong>Caesar</strong></span> <span class='ocrx_word' id='word_1_218' title='bbox 366 2193 550 2231; x_wconf 85' lang='lat' dir='ltr'><strong>auxilium</strong></span> <span class='ocrx_word' id='word_1_219' title='bbox 570 2193 670 2230; x_wconf 90' lang='lat' dir='ltr'><strong>tulit.</strong></span> <span class='ocrx_word' id='word_1_220' title='bbox 690 2193 790 2230; x_wconf 89' lang='lat' dir='ltr'><strong>Item</strong></span> <span class='ocrx_word' id='word_1_221' title='bbox 811 2194 1025 2238; x_wconf 84' lang='lat' dir='ltr'><strong>constabat,</strong></span> <span class='ocrx_word' id='word_1_222' title='bbox 1064 2193 1176 2231; x_wconf 88' lang='lat' dir='ltr'><strong>Elide</strong></span> <span class='ocrx_word' id='word_1_223' title='bbox 1196 2194 1232 2230; x_wconf 88' lang='lat' dir='ltr'><strong>in</strong></span> <span class='ocrx_word' id='word_1_224' title='bbox 1251 2203 1345 2231; x_wconf 85' lang='lat' dir='ltr'><strong>tem·</strong></span> 
     </span>
     <span class='ocr_line' id='line_1_33' title="bbox 202 2253 1347 2307; baseline 0.001 -15"><span class='ocrx_word' id='word_1_225' title='bbox 202 2256 268 2307; x_wconf 90' lang='lat' dir='ltr'><strong>plo</strong></span> <span class='ocrx_word' id='word_1_226' title='bbox 288 2255 503 2300; x_wconf 85' lang='lat' dir='ltr'><strong>Minervae,</strong></span> <span class='ocrx_word' id='word_1_227' title='bbox 523 2253 696 2305; x_wconf 86' lang='lat' dir='ltr'><strong>repetitis</strong></span> <span class='ocrx_word' id='word_1_228' title='bbox 714 2261 829 2304; x_wconf 90' lang='lat' dir='ltr'><strong>atque</strong></span> <span class='ocrx_word' id='word_1_229' title='bbox 850 2254 1081 2291; x_wconf 87' lang='lat' dir='ltr'><strong>enumeratis</strong></span> <span class='ocrx_word' id='word_1_230' title='bbox 1101 2254 1248 2299; x_wconf 88' lang='lat' dir='ltr'><strong>diebus,</strong></span> <span class='ocrx_word' id='word_1_231' title='bbox 1270 2268 1347 2305; x_wconf 86' lang='lat' dir='ltr'><strong>quo</strong></span> 
     </span>
     <span class='ocr_line' id='line_1_34' title="bbox 204 2309 1345 2369; baseline -0.003 -13"><span class='ocrx_word' id='word_1_232' title='bbox 204 2318 266 2356; x_wconf 87' lang='lat' dir='ltr'><strong>die</strong></span> <span class='ocrx_word' id='word_1_233' title='bbox 297 2317 483 2369; x_wconf 87' lang='lat' dir='ltr'><strong>proelium</strong></span> <span class='ocrx_word' id='word_1_234' title='bbox 502 2315 715 2354; x_wconf 83' lang='lat' dir='ltr'><strong>secundum</strong></span> <span class='ocrx_word' id='word_1_235' title='bbox 742 2314 896 2353; x_wconf 78' lang='lat' dir='ltr'><strong>fecisset</strong></span> <span class='ocrx_word' id='word_1_236' title='bbox 917 2309 1071 2361; x_wconf 79' lang='lat' dir='ltr'><strong>Caesar,</strong></span> <span class='ocrx_word' id='word_1_237' title='bbox 1101 2315 1345 2354; x_wconf 85' lang='lat' dir='ltr'><strong>simulacrum</strong></span> 
     </span>
    </p>
   </div>
  </div>
 </body>
</html>
