1472 2664
234 280 304 315 118
563 279 637 316 DE
677 278 854 316 BELLO
895 278 1061 317 CIVILI

282 380 407 418 CVII.
461 381 608 423 Quibus
637 383 750 420 rebus
781 382 1064 427 animadversis,
1093 380 1263 432 legiones
1295 382 1365 420 sibi

228 442 320 480 alias
340 455 387 479 ex
410 443 503 479 Asia
521 443 659 480 adduci
674 444 800 494 jussit,
831 456 922 494 quas
942 456 991 481 ex
1011 442 1253 493 Pompeianis
1272 443 1368 480 mili-

227 503 329 540 tibus
358 504 602 541 confecerat:
641 504 722 555 ipse
741 505 840 542 enim
869 504 1084 541 necessario
1113 504 1240 542 etesiis
1260 512 1368 542 tene-

227 564 353 609 batur,
374 565 437 614 qui
460 565 697 603 Alexandria
716 565 983 615 navigantibus
1003 573 1090 603 sunt
1110 565 1365 602 adversissimi

224 626 341 662 venti.
385 625 558 671 Interim,
579 627 855 664 controversias
871 639 1003 676 regum
1023 627 1069 664 ad
1086 626 1268 677 populum
1289 626 1367 663 Ro-

225 699 393 732 manum,
422 694 461 724 et
479 687 525 724 ad
545 701 600 732 se,
628 688 730 738 quod
749 697 849 724 esset
868 688 1015 733 consul,
1045 688 1237 738 pertinere
1266 686 1366 725 exis-

224 745 377 790 timans,
404 752 518 795 atque
547 759 594 783 eo
614 747 734 796 magis
764 747 885 784 officio
905 760 973 785 suo
1000 749 1219 793 convenire,
1248 746 1364 798 quod,

223 806 421 855 superiore
441 807 656 851 consulatu,
685 820 771 844 cum
791 815 899 857 patre
920 807 1143 845 Ptolemaeo
1163 815 1202 845 et
1221 807 1307 857 lege
1327 814 1366 844 et

225 867 298 904 SC.
327 868 490 905 societas
515 875 595 905 erat
619 868 745 912 facta;
772 868 938 905 ostendit
958 868 1027 905 sibi
1048 869 1215 919 placere,
1235 881 1365 918 regem

223 927 487 966 Ptolemaeum
508 936 624 978 atque
652 942 819 966 sororem
840 931 922 979 ejus
946 929 1189 980 Cleopatram
1218 930 1367 967 exerci-

224 998 299 1035 tus,
320 1003 414 1040 quos
429 991 629 1035 haberent,
649 991 854 1036 dimittere,
874 997 914 1028 et
928 991 977 1027 de
996 991 1263 1028 controversiis
1277 992 1364 1039 J'ure

223 1051 323 1101 apud
343 1064 383 1088 se
403 1051 544 1102 potius,
574 1065 685 1102 quam
707 1052 805 1088 inter
823 1064 863 1088 sc
883 1051 1009 1096 armis,
1037 1051 1264 1101 disceptare.

275 1111 421 1148 CVIII.
476 1111 569 1149 Erat
589 1112 625 1148 in
645 1112 914 1162 procuratione
935 1112 1057 1161 regni,
1077 1120 1234 1162 propter
1257 1120 1361 1150 aeta-

221 1181 299 1210 tem
318 1173 443 1222 pueri,
471 1173 658 1210 nutricius
686 1175 780 1223 ejus,
810 1173 1023 1219 eunuchus,
1053 1173 1206 1210 nomine
1227 1173 1359 1210 Pothi-

222 1246 305 1270 nus.
344 1233 381 1269 Is
401 1234 562 1284 primum
583 1234 683 1270 inter
700 1247 787 1270 suos
807 1234 913 1283 queri
931 1240 1047 1283 atque
1066 1233 1252 1283 indignari
1274 1246 1361 1270 coe-

220 1297 290 1348 pit,
307 1310 437 1346 regem
452 1298 498 1334 ad
515 1297 715 1334 dicendam
735 1310 904 1335 caussam
925 1296 1076 1334 evocari
1092 1311 1101 1333 z
1122 1296 1276 1342 deinde,
1295 1298 1361 1335 ad-

216 1359 366 1406 jutores
382 1358 579 1408 quosdam,
600 1357 773 1394 conscios
788 1357 859 1402 sui,
879 1365 1013 1394 nactus
1028 1370 1077 1394 ex
1097 1356 1197 1406 regis
1214 1357 1360 1403 amicis,

220 1419 435 1455 exercitum
456 1431 478 1455 a
498 1418 649 1455 Pelusio
669 1418 763 1455 clam
786 1418 1061 1455 Alexandriam
1081 1417 1269 1463 evocavit,
1305 1427 1362 1455 at-

220 1492 296 1529 que
315 1479 479 1516 eundem
500 1478 695 1524 Achillan,
716 1480 824 1528 cujus
840 1491 953 1529 supra
968 1478 1220 1524 meminimus,
1241 1479 1362 1516 omni-

220 1542 292 1577 bus
312 1540 431 1590 copiIS
449 1539 648 1590 praefecit.
703 1539 833 1585 IIunc,
863 1540 1063 1577 incitatum
1083 1540 1173 1585 suis,
1202 1547 1241 1577 et
1260 1541 1360 1591 regis

219 1601 393 1638 inflatum
406 1600 757 1651 pollicitationibu8‚
775 1613 872 1650 quae
887 1600 969 1637 fieri
984 1600 1112 1646 vellet,
1132 1601 1251 1638 literis
1267 1615 1362 1638 nun-

219 1661 365 1711 ciisque
386 1661 553 1698 edocuit.
607 1661 652 1697 In
672 1668 903 1698 testamento
924 1660 1134 1698 Ptolemaei
1154 1661 1272 1711 patris
1292 1661 1362 1699 lie-

219 1722 330 1759 redes
359 1729 468 1759 erant
487 1721 618 1771 scripti
640 1735 688 1758 ex
709 1721 856 1758 duobus
876 1721 961 1758 filiis
980 1723 1114 1770 major,
1142 1730 1181 1759 et
1199 1734 1249 1759 ex
1270 1722 1363 1759 dua-

218 1783 291 1819 bus
319 1795 376 1826 ea,
405 1794 502 1831 quae
522 1788 648 1819 aetate
667 1782 932 1819 antecedebat.
987 1782 1098 1819 Haec
1129 1782 1184 1819 uti
1211 1782 1361 1824 fierent.

218 1856 288 1894 per
307 1855 438 1879 omnes
458 1842 565 1888 deos,
590 1855 735 1893 perque
754 1842 925 1888 foedera,
953 1855 1051 1893 quae
1082 1843 1228 1880 Rornae
1247 1842 1360 1880 fecis-

217 1911 290 1949 set,
320 1903 455 1940 eodem
481 1910 713 1940 testamento
741 1903 982 1941 Ptolemaeus
1009 1904 1193 1954 populum
1216 1903 1358 1942 Roma-

216 1978 309 2002 num
329 1964 606 2001 obtestabatur.
660 1964 830 2001 Tabulae
846 1964 1079 2009 testamenti,
1101 1977 1198 2001 unae
1218 1978 1286 2014 per
1305 1964 1360 2002 le-

218 2032 326 2075 gatos
346 2025 427 2073 ejus
455 2024 615 2061 Romam
644 2031 751 2061 erant
771 2024 920 2071 allatae,
951 2032 994 2061 ut
1013 2025 1050 2061 in
1070 2025 1215 2062 aerarIO
1237 2038 1356 2076 pone-

218 2093 370 2127 rentur3
406 2084 514 2135 (hae,
547 2097 662 2134 quum
695 2092 851 2134 propter
881 2085 1052 2135 publicas
1085 2086 1358 2135 occupationes

218 2146 307 2196 poni
324 2158 399 2181 non
420 2144 649 2194 potuissent,
668 2145 768 2194 apud
784 2144 1007 2195 Pompeium
1027 2153 1116 2182 sunt
1135 2146 1354 2197 depositae)

217 2207 373 2251 alterae,
402 2205 536 2242 eodem
569 2205 761 2255 exempIO,
797 2205 954 2243 relictae
987 2212 1102 2256 atque
1134 2206 1358 2256 obsignatae

218 2265 495 2310 Alexandriae,
514 2265 819 2315 proferebantur.

271 2326 376 2364 CIX.
428 2325 491 2363 De
522 2325 580 2362 his
598 2326 712 2363 rebus
745 2338 860 2376 quum
889 2333 1068 2376 ageretur
1086 2325 1189 2376 apud
1221 2326 1359 2364 Caesa-
