1472 2664
271 266 321 300 48
604 265 678 301 DE
720 265 899 302 BELLO
943 266 1109 303 CIVILI

272 373 460 403 tarentur.
514 368 622 409 Quae
642 381 700 405 res
721 381 851 405 eorum
872 369 1093 418 perterritos
1109 370 1254 407 animos
1274 371 1411 408 confir:-

271 428 400 463 mavit.

323 489 528 525 XXXVII.
570 490 969 528 Nunciabanturhaec
989 492 1122 528 eadem
1141 491 1319 528 Curioni:
1347 492 1413 529 sed

267 548 501 599 aliquamdiu
532 551 626 586 fides
659 551 738 587 lieri
761 564 834 587 non
855 559 1030 601 poterat3
1070 559 1212 589 tantam
1246 553 1413 591 habebat

268 622 421 647 suarum
442 624 567 647 rerum
599 611 775 648 fiduciam
793 626 801 648 :
827 614 984 661 jamque
1014 612 1186 649 Caesaris
1208 613 1245 649 in
1267 613 1410 664 Hispa-

267 671 331 707 nia
350 684 409 707 res
428 672 620 709 secundae
648 672 685 709 in
718 673 891 709 Africam
926 674 1075 710 nunciis
1107 687 1152 710 ac
1186 673 1304 711 literis
1323 687 1409 724 per-

268 731 502 769 ferebantur.
571 734 719 774 Quibus
752 733 927 770 omnibus
956 734 1068 770 rebus
1095 734 1280 779 sublatus,
1316 734 1408 771 nihil

267 800 400 829 contra
419 806 458 829 se
480 806 607 843 regem
628 794 797 830 nisurum
819 794 1074 831 existimabat.
1131 794 1222 839 Sed,
1243 794 1307 831 ubi
1328 807 1408 832 cer-

264 853 313 889 tis
331 854 551 890 auctoribus
572 854 771 903 comperit,
793 854 916 890 minus
938 867 963 890 v
983 861 1021 891 et
1037 868 1090 890 xx
1108 855 1272 891 millibus
1292 855 1409 906 longe

263 914 311 950 ab
334 914 450 951 Utica
469 916 550 964 ejus
571 915 700 965 copias
716 916 861 960 abesse,
883 915 1023 952 relictis
1037 915 1326 960 munitionibus,
1348 928 1407 953 se-

263 987 304 1012 se
335 975 372 1011 in
406 983 530 1012 castra
560 976 789 1013 Corneliana
821 975 980 1025 recepit.
1048 975 1140 1012 Huc
1173 976 1407 1014 frumentum

263 1043 517 1084 comportare,
546 1042 671 1072 castra
690 1036 851 1081 munire,
881 1036 1078 1072 materiam
1100 1036 1289 1081 conferre,
1318 1050 1406 1074 coe-

260 1095 332 1145 pit,
361 1096 568 1145 statimque
602 1096 638 1132 in
662 1096 830 1133 Siciliam
851 1097 966 1140 misit,
998 1097 1049 1134 uti
1072 1109 1103 1133 11
1126 1097 1296 1147 legiones
1323 1097 1409 1134 reli-

261 1169 435 1206 quusque
463 1157 655 1206 equitatus
683 1157 731 1193 ad
757 1170 797 1194 se
827 1157 1056 1194 mitteretur.
1121 1157 1256 1195 Castra
1298 1167 1407 1196 erant

260 1217 309 1253 ad
329 1217 471 1254 bellum
491 1218 707 1255 ducendum
725 1217 932 1267 aptissima,
952 1226 1100 1263 natura,
1131 1226 1170 1255 ct
1190 1219 1262 1256 loci
1284 1219 1406 1256 muni-

259 1277 378 1323 tione,
408 1285 447 1315 et
479 1278 591 1315 maris
625 1278 925 1329 propinquitate,
955 1287 994 1315 et
1013 1292 1134 1329 aquae
1163 1286 1202 1316 et
1233 1280 1321 1317 salis
1341 1293 1405 1318 co—

259 1339 336 1388 pia,
367 1341 476 1389 cujus
495 1352 635 1389 magna
653 1340 709 1376 vis
723 1341 801 1388 jzun
823 1353 870 1376 ex
899 1341 1082 1388 proximis
1111 1348 1193 1377 erat
1213 1341 1340 1378 salinis
1359 1354 1405 1378 eo

257 1407 457 1449 congesta.
520 1400 607 1437 Non
641 1400 800 1437 materia
830 1401 1074 1438 multitudine
1104 1403 1297 1446 arborum,
1327 1415 1403 1439 non

257 1460 509 1506 frumentum,
539 1463 647 1510 cujus
667 1469 775 1498 erant
795 1461 1003 1513 plenissimi
1023 1462 1118 1511 agri,
1139 1462 1305 1500 deficere
1337 1476 1404 1513 po-

257 1528 368 1558 terat.
426 1521 561 1572 Itaque
581 1521 750 1558 omnium
779 1534 932 1558 suorum
955 1534 1144 1560 consensu
1166 1523 1283 1560 Curio
1316 1523 1402 1560 reli-

257 1594 352 1632 quas
373 1582 502 1632 copias
522 1591 763 1631 exspectare,
792 1590 830 1619 et
850 1582 990 1619 bellum
1021 1583 1162 1620 ducere
1183 1583 1353 1633 parabat.

303 1643 530 1679 XXXVIII.
570 1643 643 1679 His
659 1643 876 1680 constitutis
893 1643 1019 1687 rebus,
1040 1644 1289 1694 probatisque
1306 1658 1399 1682 con-1

252 1703 357 1748 siliis,
379 1717 429 1740 ex
447 1703 618 1753 perfugis
639 1703 865 1753 quibusdam
882 1703 1082 1753 oppidanis
1102 1704 1221 1750 audit,
1241 1705 1400 1750 Jubam,

251 1771 474 1801 revocatum
495 1764 655 1800 finitimo
681 1763 795 1808 bello,
824 1772 863 1800 et
883 1764 1152 1801 controversiis
1174 1764 1400 1815 Leptitano-

250 1837 349 1869 rum,
378 1823 562 1860 restitisse
584 1823 620 1859 in
641 1836 785 1873 regno:
816 1823 1014 1867 Saburam,
1043 1826 1124 1873 ejus
1144 1825 1399 1874 praefectum,

251 1897 339 1921 cum
358 1883 616 1920 mediocribus
632 1884 754 1932 copiis
770 1883 938 1928 missum,
962 1884 1099 1921 Uticae
1115 1886 1399 1936 appropinqua·

250 1957 305 1981 re.
366 1944 438 1980 His
460 1944 682 1981 auctoribus
702 1950 845 1981 temere
866 1943 1040 1988 eredens,
1072 1945 1272 1982 consilium
1293 1958 1398 1982 corn-

250 2013 388 2050 mutat,
417 2012 456 2042 et
474 2004 620 2055 proelio
646 2016 726 2040 rem
761 2003 1000 2040 committere
1030 2004 1241 2042 constituit.
1296 2004 1402 2043 Mul-

250 2073 331 2102 tum
363 2065 412 2102 ad
440 2065 539 2102 lianc
568 2077 646 2100 rem
676 2064 910 2113 probandam
941 2065 1096 2113 adjuvat
1123 2065 1401 2113 adolescentia,

249 2126 476 2175 magnitudo
495 2124 624 2169 animi,
658 2124 863 2173 superioris
895 2125 1076 2174 temporis
1104 2134 1325 2175 proventus,
1353 2127 1398 2164 fi-

250 2183 366 2220 ducia
384 2183 437 2220 rei
459 2184 558 2220 bene
577 2182 782 2232 gerendae.
836 2183 911 2220 His
930 2184 1043 2220 rebus
1064 2184 1260 2235 impulsus,
1290 2187 1398 2236 equi·

247 2250 370 2280 tatum
391 2257 541 2280 omnem
564 2242 686 2292 prima
714 2250 828 2280 nocte
860 2244 907 2280 ad
939 2252 1062 2282 castra
1093 2246 1258 2283 hostium
1279 2248 1397 2285 mittit

248 2303 298 2340 ad
313 2303 456 2341 flumen
473 2303 701 2354 Bagradam,
722 2304 860 2354 quibus
879 2313 1056 2356 praeerat
1072 2305 1237 2354 Sabura,
1255 2308 1304 2346 de
1319 2320 1398 2359 quo
