1472 2664
320 268 388 306 BE
416 268 595 308 BELLO
625 268 786 307 ALEX.
817 269 996 307 LIBER.
1153 272 1227 309 12²5

89 370 370 413 defendebant3
396 379 512 422 atque
534 372 630 410 haec
659 371 850 422 principes
879 372 917 408 in
936 370 1104 409 consiliis
1132 384 1226 409 con-

86 431 335 482 cionibusque
354 433 562 481 agitabant,
589 433 773 483 populum
798 432 1010 470 Romanum
1029 432 1226 482 paullatim

85 492 124 528 in
151 492 465 529 consuetudinem
486 496 567 543 ejus
586 493 694 543 regni
720 492 934 542 occupandi
954 492 1107 529 venire:
1134 505 1226 542 pau-

86 552 140 590 cis
160 553 266 589 annis
286 560 400 590 antea
418 553 626 591 Gabinium
647 567 733 591 cum
755 553 928 590 exercitu
945 552 1062 590 fuisse
1080 553 1119 590 in
1146 554 1226 590 Ae-

84 622 204 663 gypto
221 627 230 650 :
260 613 484 664 Pompeium
503 627 544 652 se
562 628 612 652 ex
631 615 722 665 suga
750 614 885 651 eodem
906 613 1109 663 recepisse,
1130 614 1227 651 Cae-

83 685 205 710 sarem
221 674 368 711 venisse
383 687 471 712 cum
489 675 624 725 copiis;
645 687 769 725 neque
786 682 908 711 morte
926 673 1097 724 Pompeii
1116 674 1226 724 quid-

83 747 195 783 quam
215 734 444 784 profectum,
476 749 552 786 quo
572 737 696 773 minus
714 735 816 786 apud
835 748 875 772 se
896 736 1036 772 Caesar
1056 748 1224 772 commo-

81 802 242 841 raretur,
274 808 387 846 quem
407 796 438 833 si
466 810 542 834 non
566 796 816 846 expulissent,
844 795 1010 832 futuram
1029 808 1079 833 ex
1103 809 1225 846 regno

81 855 339 904 provinciam:
367 856 484 907 idque
509 858 701 907 agendum
734 864 906 894 mature:
938 869 1102 907 namque
1121 870 1224 902 eum,

82 915 331 954 interclusum
360 918 652 967 tempestatibus
681 925 838 968 propter
862 917 950 953 anni
971 924 1136 967 tempus,
1164 929 1223 954 rc·

87 975 218 1026 cipere
247 978 496 1015 transmarina
513 978 656 1015 auxilia
674 991 750 1014 non
770 990 893 1028 posse.

131 1035 200 1072 IV.
253 1036 426 1083 Interim,
459 1037 693 1075 dissensione
713 1045 797 1074 orta
816 1038 914 1074 inter
935 1037 1128 1083 Achillan,
1156 1037 1222 1088 qui

80 1105 262 1134 veterano
281 1098 470 1135 exercitui
488 1106 675 1148 praeerat,
708 1105 748 1135 et
777 1098 983 1142 Arsino‘e'n,
1003 1097 1103 1147 regis
1131 1096 1224 1134 Pto-

80 1158 217 1195 lemaei
243 1159 427 1196 minorem
455 1159 583 1205 filiam,
614 1167 654 1196 ut
673 1172 787 1210 supra
814 1158 1115 1196 demonstratum
1144 1165 1219 1204 est,

81 1232 198 1269 quum
219 1226 380 1269 uterque
401 1219 552 1270 utrique
572 1220 826 1266 insidiaretur,
847 1227 886 1257 et
901 1232 1084 1257 summam
1102 1219 1222 1268 impe-

80 1280 126 1317 rii
145 1280 224 1330 ipse
243 1281 417 1318 obtinere
436 1280 564 1326 vellet,
590 1288 849 1331 praeoccupat
869 1281 1034 1318 Arsinoe'
1053 1292 1122 1330 per
1141 1280 1219 1317 Ga-

79 1341 271 1391 nymeden
291 1341 525 1388 eunuchum,
541 1341 746 1380 nutricium
761 1353 885 1385 suum,
905 1348 1020 1390 atque
1037 1340 1219 1377 Achillan

79 1400 271 1438 interficit.
312 1401 400 1439 Hoc
420 1402 563 1447 occiso,
583 1401 663 1451 ipsa
681 1401 762 1438 sine
783 1400 858 1437 ullo
872 1399 979 1437 socio
999 1406 1038 1436 et
1057 1399 1219 1437 custode

77 1475 189 1499 omne
209 1462 408 1512 imperium
438 1462 661 1505 obtinebat:
685 1461 879 1499 exercitus
899 1459 1118 1510 Ganymedi
1139 1467 1215 1498 tra-

76 1522 194 1559 ditur.
250 1522 302 1568 Is,
321 1529 501 1572 suscepto
520 1521 657 1568 officio,
676 1521 919 1572 largitionem
938 1521 975 1557 in
995 1521 1134 1558 milites
1152 1534 1220 1559 au-

75 1590 156 1633 get,
184 1582 330 1632 reliqua
348 1583 427 1633 pari
448 1583 646 1633 diligentia
665 1582 916 1620 administrat.

129 1642 176 1679 V.
230 1643 468 1680 Alexandria
499 1650 558 1680 est
584 1643 663 1681 fere
693 1650 776 1680 tota
803 1641 973 1688 suffossa,
1001 1654 1218 1693 specusque

74 1702 192 1740 habet
217 1703 265 1740 ad
288 1702 416 1741 Nilum
443 1705 694 1754 pertinentes,
720 1703 857 1754 quibus
876 1715 974 1753 aqua
994 1702 1032 1739 in
1052 1702 1216 1753 privatas

77 1763 210 1801 domos
239 1764 446 1810 inducitur,
475 1777 572 1815 quae
605 1764 799 1814 paullatim
827 1764 950 1814 spatio
975 1763 1156 1813 temporis
1174 1763 1220 1800 li-

79 1823 243 1874 quescit,
262 1837 307 1861 ac
326 1825 500 1862 subsidit.
537 1825 624 1862 Hac
644 1824 698 1861 uti
718 1823 861 1861 domini
880 1822 1141 1861 aedificiorum
1160 1830 1218 1860 at-

75 1897 150 1934 que
170 1897 302 1921 eorum
322 1885 485 1922 familiae
502 1892 785 1922 consueverunt
801 1898 809 1920 :
831 1897 931 1929 nam,
947 1895 1044 1933 quae
1060 1882 1217 1921 flumine

76 1944 166 1982 Nilo
186 1945 321 1990 fertur,
341 1945 438 1982 adeo
458 1953 516 1982 est
537 1946 668 1983 limosa
687 1958 732 1982 ae
753 1944 918 1989 turbida,
940 1951 980 1980 ut
1000 1944 1138 1981 multos
1154 1957 1218 1981 va-

75 2005 227 2055 riosque
257 2005 410 2043 morbos
429 2006 590 2043 efficiat:
618 2006 687 2043 sed
717 2018 762 2042 ea
789 2004 920 2054 plebes
948 2016 993 2041 ac
1012 2004 1217 2042 multitudo

73 2072 260 2102 contenta
288 2073 347 2103 est
366 2067 593 2112 necessario,
622 2066 726 2117 quod
755 2065 839 2103 fons
868 2065 962 2102 urbe
980 2072 1063 2102 tota
1090 2065 1217 2103 nullus

76 2132 146 2161 est.
201 2125 290 2162 Hoc
312 2133 438 2162 tamen
458 2126 600 2163 flumen
621 2126 658 2163 in
678 2138 722 2163 ea
742 2133 850 2175 parte
870 2124 974 2162 urbis
992 2132 1088 2170 crat,
1116 2138 1214 2176 quae

76 2184 123 2221 ab
145 2185 418 2224 Alexandrinis
444 2188 670 2224 tenebatur:
703 2199 778 2236 quo
798 2185 899 2223 facto
919 2192 978 2222 est
997 2185 1216 2224 admonitus

75 2243 335 2296 GanymedeS,
356 2261 465 2297 posse
486 2256 634 2285 nostros
662 2261 761 2299 aqua
779 2248 1005 2291 intercludi3
1038 2248 1117 2298 qui,
1136 2248 1212 2285 dis-

71 2305 204 2344 tributi
219 2307 472 2346 munitionum
487 2309 715 2348 tuendarum
730 2322 878 2356 caussa,
899 2310 1050 2348 vicatim
1067 2323 1116 2348 ex
1134 2310 1211 2361 pri-
