1472 2664
271 264 346 299 5250
575 262 799 301 INCERTI
827 263 1101 301 AUCTORIS

273 376 352 401 vn1
373 364 537 403 millibus
556 366 740 417 equitum.
793 365 866 411 Ita,
895 379 1010 416 quum
1031 366 1067 403 in
1095 373 1266 403 extrema
1289 366 1404 414 plani-

269 425 322 462 tIe
351 425 521 476 iniquum
546 426 728 464 inlocum
748 426 866 463 nostri
896 426 1272 477 appropinquassent,
1300 439 1407 476 para-

266 494 329 523 tus
359 486 477 524 hostis
496 494 577 524 erat
605 486 788 536 superior,
818 493 859 523 ut
889 486 1107 523 transeundi
1135 485 1307 536 superius
1336 487 1408 524 iter

266 547 514 586 vehementer
532 554 633 586 esset
659 547 926 598 periculosum.
979 546 1093 588 Quod
1120 559 1235 596 quum
1265 560 1287 584 a
1310 548 1406 585 Cae-

268 621 351 646 sare
383 616 483 646 esset
511 600 827 654 animadversum,
854 620 902 645 ne
922 607 1013 658 quid
1039 615 1182 644 temere
1203 608 1315 657 culpa
1339 620 1406 645 sua

267 682 379 707 secus
393 669 670 714 admitteretur,
689 681 775 706 eum
795 668 921 705 locum
937 668 1094 705 definire
1110 667 1250 717 coepit.
1290 669 1405 710 Quod

267 741 383 779 quum
411 728 607 766 hominum
633 729 785 765 auribus
814 735 914 765 esset
941 729 1148 778 obJectum,
1176 728 1335 766 moleste
1368 737 1405 766 et

264 790 403 828 acerbe
422 788 676 839 accipiebant,
709 801 748 825 se
768 788 956 838 impediri,
983 801 1058 839 quo
1077 789 1201 825 minus
1221 789 1405 838 proelium

267 850 457 888 conficere
476 856 644 900 possent.
698 849 808 886 Haec
827 861 933 886 mora
950 848 1184 886 adversarios
1203 848 1406 886 alacriores

265 910 466 956 efficiebat,
487 910 659 947 Caesaris
679 909 807 960 copias
822 909 956 947 timore
977 908 1148 959 impediri
1168 909 1216 946 ad
1232 909 1405 947 commit-

264 971 420 1008 tendum
441 970 639 1020 proelium.
679 970 739 1007 Ita
754 983 794 1007 se
808 969 1008 1007 efferentes
1024 969 1153 1020 iniquo
1167 970 1252 1007 loeo
1268 969 1324 1007 sui
1339 984 1406 1020 po-

264 1038 441 1069 testatem
459 1030 665 1076 faciebant,
685 1038 726 1067 ut
741 1042 879 1079 magno
899 1037 1025 1067 tamen
1046 1030 1215 1079 periculo
1230 1043 1407 1069 accessus

263 1104 396 1130 eorum
415 1092 631 1130 haberetur.
675 1090 754 1128 Hic
774 1090 975 1127 decumani
995 1103 1104 1127 suum
1125 1091 1265 1135 locum,
1285 1104 1405 1129 cornu
1443 1097 1447 1102 '

263 1152 458 1198 dextrum,
486 1152 683 1196 tenebant,
710 1151 901 1188 sinistrum
922 1162 973 1187 111
994 1159 1032 1188 et
1053 1163 1079 1187 v
1098 1151 1212 1201 legio,
1233 1152 1401 1203 itemque

261 1220 392 1250 cetera
409 1212 565 1258 auxilia,
584 1219 622 1250 et
640 1211 848 1262 equitatus.
902 1210 1094 1249 Proelium
1113 1213 1277 1250 clamore
1298 1212 1402 1251 sacto

261 1272 523 1312 committitur.

312 1334 460 1371 XXXI,
514 1332 593 1370 Hic
612 1333 682 1371 etsi
709 1333 850 1370 virtute
869 1332 987 1370 nostri
1012 1333 1306 1380 antecedebant,
1339 1335 1405 1373 ad-

257 1393 412 1432 versarii
432 1406 473 1431 se
491 1405 512 1430 e
531 1393 616 1430 loco
635 1392 830 1443 superiore
849 1392 1106 1430 defendebant
1135 1394 1332 1440 acerrime,
1366 1404 1405 1433 et

259 1455 464 1492 vehemens
481 1453 597 1492 fiebat
615 1454 662 1492 ab
682 1454 852 1503 utrisque
873 1453 1028 1498 clamor,
1054 1454 1294 1505 telorumque
1313 1456 1402 1493 mis-

260 1527 305 1552 su
320 1527 544 1560 concursus,
563 1515 632 1560 sic,
648 1521 690 1551 ut
704 1526 823 1565 prope
839 1513 957 1551 nostri
973 1514 1185 1559 diffiderent
1203 1516 1406 1555 victoriae:

259 1588 488 1626 congressus
508 1575 609 1613 enim
625 1582 664 1612 et
679 1575 836 1621 clamor,
856 1574 992 1624 quibus
1009 1575 1120 1612 rebus
1135 1576 1300 1614 maxime
1319 1578 1405 1615 hos-

258 1637 305 1673 tis
324 1643 579 1681 conterretur,
605 1636 643 1672 in
663 1635 803 1673 collatu
822 1635 902 1685 pari
921 1643 1029 1672 erant
1047 1635 1278 1674 conditione.
1322 1637 1399 1675 Ita-

259 1710 333 1748 que
352 1710 402 1734 ex
417 1704 581 1748 utroque
601 1708 742 1746 genere
760 1708 926 1746 pugnae,
946 1709 1061 1746 quum
1077 1708 1205 1746 parem
1222 1696 1400 1735 virtutem

257 1758 306 1796 ad
323 1757 542 1795 bellandum
563 1756 826 1800 contulissent,
846 1755 1006 1806 pilorum
1022 1756 1136 1792 missu
1156 1756 1247 1802 fixa,
1267 1770 1403 1796 cumu-

256 1817 355 1856 latur
374 1822 413 1854 et
433 1815 602 1854 concidit
621 1815 922 1853 adversariorum
942 1815 1158 1855 multitudo.
1204 1815 1400 1855 Dextrum

256 1876 597 1915 demonstravimus
616 1876 848 1914 decumanos
868 1888 988 1913 cornu
1006 1877 1200 1914 tenuisse:
1230 1878 1308 1929 qui,
1329 1880 1401 1917 etsi

256 1944 365 1975 erant
383 1936 508 1987 pauci,
529 1943 670 1981 tamen,
690 1942 846 1986 propter
859 1935 1053 1983 virtutem,
1073 1950 1211 1988 magno
1226 1939 1402 1978 adversa-

255 2000 331 2037 rios
350 1998 485 2036 timore
505 2010 637 2035 eorum
666 2009 784 2047 opera
801 1996 1028 2043 afficiebant,
1060 1999 1162 2048 quod
1180 2012 1201 2036 a
1229 2011 1297 2037 suo
1316 2000 1403 2038 loco

255 2059 386 2096 hostes
404 2059 652 2095 vehementer
670 2069 844 2107 premere
864 2065 1089 2107 coeperunt,
1112 2065 1152 2096 ut
1172 2059 1220 2097 ad
1239 2060 1403 2098 subsidi-

254 2132 334 2164 um,
362 2131 411 2156 ne
429 2119 476 2156 ab
496 2119 613 2156 latere
633 2117 751 2156 nostri
772 2124 1022 2167 occuparent,
1050 2119 1150 2168 legio
1169 2119 1402 2158 adversario-

254 2193 338 2218 rum
357 2179 550 2216 transduci
571 2186 708 2229 coepta
727 2178 774 2215 sit
790 2177 838 2215 ad
853 2178 1047 2217 dextrum.
1085 2181 1193 2222 Quae
1211 2180 1321 2217 simul
1341 2189 1400 2219 est

253 2246 371 2286 mota,
386 2240 579 2290 equitatus
594 2239 766 2276 Caesaris
778 2238 971 2277 sinistrum
987 2252 1106 2278 cornu
1126 2253 1297 2290 premere
1310 2254 1399 2280 coe-

253 2299 322 2352 pit.
368 2300 422 2337 At
436 2299 463 2337 ii
477 2299 617 2339 eximia
631 2299 771 2339 virtute
788 2299 975 2352 proelium
994 2300 1122 2340 facere
1139 2301 1341 2353 incipiunt,
1361 2310 1405 2341 ut
