1472 2664
300 282 374 320 DE
403 280 580 318 BELLO
609 280 770 318 ALEX.
797 281 974 319 LIBER.
1131 286 1198 326 171

66 385 172 432 elias,
189 397 313 435 reges,
333 384 520 429 civitates,
540 383 744 422 distribuit.
789 384 1042 422 Mithridaten
1060 385 1201 437 Perga-

64 458 230 490 menum,
262 457 286 482 a
304 458 379 495 quo
407 457 487 482 rem
520 443 684 481 feliciter
711 444 964 495 celeriterque
991 452 1137 495 gestam
1164 446 1202 483 in

1 529 6 531 Δ
64 506 246 556 Aegypto
263 517 379 555 supra
397 505 627 555 scripsimus,
660 505 766 555 regio
785 518 926 555 genere
954 513 1094 551 ortum,
1127 506 1202 543 dis-

62 565 211 617 ciplinis
225 565 338 603 etiam
359 565 472 615 regiis
488 565 704 610 educatum,
729 565 837 616 (nam
856 565 1115 611 Mithridates,
1132 579 1201 603 rex

63 626 180 663 Asiae
200 626 329 672 totius,
357 633 514 676 propter
532 625 770 663 nobilitatem
790 624 977 675 Pergamo
1001 626 1199 675 parvulum

62 699 193 725 secum
208 686 494 736 absportaverat
508 685 546 721 in
561 693 697 731 castra,
712 686 928 736 multosque
943 693 1118 725 tenuerat
1133 699 1199 724 an-

60 745 151 796 nos)
168 758 297 795 regem
312 745 470 795 Bospori
485 744 695 790 constituit,
710 745 813 795 quod
825 746 894 783 sub
907 745 1066 796 imperio
1082 746 1200 784 Phar-

60 805 166 843 nacis
184 805 328 848 fuerat3
346 804 638 856 provinciasque
657 805 787 856 populi
808 806 971 843 Romani
991 819 1013 844 a
1031 807 1200 857 lgm-baris

61 873 176 916 atque
203 864 365 902 inimicis
385 865 552 915 regibus,
587 866 810 916 interposito
839 866 1066 904 amicissimo
1094 879 1198 917 rege,

61 924 233 961 munivit.
280 923 414 961 Eidem
435 924 678 962 tetrarchiam
704 924 898 975 [legibus]
925 926 1197 977 Gallograeco-

59 999 142 1023 rum
157 987 244 1035 jure
258 984 384 1035 gentis
399 992 438 1021 et
454 985 692 1035 cognationis
706 985 952 1035 adjudicavit,
973 995 1199 1037 occupatam

60 1053 99 1084 et
113 1058 322 1096 possessam
342 1045 470 1095 paucis
486 1052 573 1083 ante
592 1046 699 1082 annis
714 1059 735 1083 a
751 1046 949 1096 Dejotaro.
989 1048 1124 1099 Neque
1144 1055 1198 1086 ta-

59 1119 147 1144 men
165 1118 324 1156 usquam
343 1105 484 1143 diutius
500 1112 670 1143 moratus
690 1114 763 1152 est,
782 1119 895 1157 quam
915 1108 1120 1145 necessitas
1138 1122 1198 1145 ur-

58 1167 241 1204 banarum
268 1166 497 1203 seditionum
514 1166 593 1216 pati
612 1166 822 1204 videbatur.
878 1167 1008 1205 Rebus
1027 1168 1197 1215 felicissif

57 1241 119 1266 mc
138 1227 412 1277 celerrimeque
431 1226 631 1273 confectis,
660 1228 699 1264 in
721 1227 867 1265 Italiam
895 1228 1055 1266 celerius
1076 1229 1196 1267 omni·

60 1302 122 1326 um
142 1288 319 1340 opinione
345 1287 462 1325 venit.

496 1623 744 1644 l

937 1922 985 1959 A.
1014 1921 1193 1960 HIRTII
