1472 2664
262 248 334 283 162
693 245 743 281 A.
783 245 961 282 HIRTII

260 347 398 397 Bogud
427 360 514 384 cum
543 346 663 397 copiis
693 347 819 391 venit;
848 347 1100 397 adiungitque
1133 347 1168 384 ei
1195 347 1400 397 legionem,

261 421 373 458 quam
393 421 524 446 secum
543 408 771 454 adduxerat,
798 409 1090 458 compluresque
1110 409 1287 446 cohortes
1305 421 1399 445 aux-

259 469 398 506 iliarias
418 469 701 519 Hispanorum:
722 481 900 519 namque,
921 476 962 506 ut
977 469 1014 505 in
1031 468 1204 506 civilibus
1219 469 1399 506 dissensi-

262 529 398 566 onibus
418 530 593 567 accidere
607 529 821 575 consuevit,
843 529 895 566 ita
910 529 1145 579 temporibus
1163 529 1235 566 illis
1250 529 1288 566 in
1309 529 1403 567 His-

260 590 373 640 pania
392 591 597 627 nonnullae
614 590 788 628 civitates
807 591 920 628 rebus
941 590 1063 627 Cassii
1083 590 1301 635 studebant,
1319 590 1404 641 plu-

262 664 322 688 res
341 651 531 689 Marcello
551 651 743 688 favebant.
816 651 983 688 Accedit
1005 664 1091 688 cum
1127 651 1247 701 copiis
1267 651 1407 701 Bogud

260 711 309 748 ad
340 712 550 748 exteriores
570 711 747 748 Marcelli
767 711 1011 748 munitiones.
1068 711 1266 761 Pugnatur
1286 711 1406 748 utrin-

263 786 337 823 que
357 771 518 809 acriter:
549 772 760 821 crebroque
796 772 834 808 id
854 772 1008 817 accidit,
1046 772 1199 809 fortuna
1219 784 1332 822 saepe
1358 772 1407 809 ad

263 840 468 883 utrumque
487 832 685 869 victoriam
706 832 982 876 transferente;
1003 845 1074 870 nec
1093 841 1220 870 tamen
1240 845 1408 883 unquam

263 895 310 932 ab
331 893 510 944 operibus
529 893 734 943 depellitur
754 893 976 930 Marcellus.

312 953 462 991 LXIII.
525 953 683 990 Interim
717 953 886 1003 Lepidus
918 967 968 990 ex
1001 953 1178 991 citeriore
1207 954 1405 1005 provincia

265 1030 352 1055 cum
372 1015 594 1053 cohortibus
623 1015 841 1064 legionariis
871 1027 998 1060 xxxv,
1031 1027 1246 1066 magnoque
1274 1029 1407 1054 nume-

265 1091 307 1115 ro
328 1077 513 1127 equitum,
533 1083 573 1112 et
592 1075 826 1125 reliquorum
846 1075 1089 1121 auxiliorum,
1110 1076 1214 1113 venit
1240 1089 1285 1114 ea
1303 1089 1410 1114 rnen-

266 1149 305 1176 te
325 1138 468 1183 Uliam,
490 1144 533 1173 ut
552 1137 632 1173 sine
648 1136 725 1173 ullo
740 1136 866 1173 studio
883 1136 1151 1174 contentiones
1165 1137 1287 1175 Cassii
1306 1137 1412 1176 Mar-

267 1200 430 1249 cellique
446 1204 707 1248 componeret.
762 1196 869 1234 Huic
882 1197 1050 1234 venienti
1069 1197 1151 1235 sine
1170 1197 1410 1237 dubitatione

268 1259 480 1297 Marcellus
499 1271 539 1296 se
559 1257 682 1295 credit
701 1265 815 1308 atque
836 1257 969 1295 offert:
1001 1257 1153 1295 Cassius
1183 1266 1316 1297 contra
1337 1259 1414 1297 suis

269 1334 310 1359 se
336 1326 443 1358 tenet
475 1318 687 1370 praesidiis,
715 1318 793 1355 sive
814 1331 874 1363 en,
906 1318 1009 1368 quod
1038 1318 1123 1368 plus
1150 1319 1221 1356 sibi
1236 1320 1332 1369 juris
1350 1321 1417 1358 de-

266 1381 365 1427 beri,
397 1393 508 1431 quam
544 1379 745 1425 Marcello,
765 1379 1022 1424 existimabat,
1041 1379 1120 1417 sive
1139 1393 1200 1426 eo,
1220 1381 1337 1431 quod,
1366 1394 1416 1419 ne

267 1448 574 1495 praeoccupatus
594 1440 741 1478 animus
756 1439 893 1490 Lepidi
913 1447 1015 1477 esset.
1035 1441 1219 1491 obsequio
1239 1442 1417 1480 adversa-

268 1504 328 1550 rii,
347 1503 562 1541 verebatur.
599 1501 716 1538 Ponit
734 1500 782 1538 ad
796 1500 922 1538 Uliam
941 1507 1066 1550 castra
1084 1500 1271 1551 Lepidus;
1291 1515 1417 1554 neque

269 1565 388 1602 habet
402 1576 425 1601 a
444 1562 635 1600 Marcello
651 1562 858 1612 quidquam
875 1561 996 1598 divisi.
1050 1560 1111 1598 Ne
1132 1569 1340 1612 pugnetur,
1361 1564 1418 1600 in-

271 1624 447 1662 terdicit:
484 1623 532 1661 ad
560 1622 782 1660 exeundum
819 1622 992 1660 Cassium
1026 1621 1182 1665 invitat;
1225 1623 1418 1674 fidemque

273 1698 379 1723 suam
401 1685 438 1721 in
458 1697 499 1721 re
527 1683 630 1721 omni
658 1682 881 1733 interponit.
948 1684 1076 1724 Quum
1109 1683 1175 1720 diu
1207 1683 1421 1722 dubitasset

274 1746 443 1790 Cassius,
461 1744 552 1796 quid
567 1743 638 1781 sibi
653 1743 886 1788 faciendum,
907 1743 1044 1793 quidve
1057 1742 1206 1794 Lepido
1220 1752 1321 1782 esset
1336 1757 1420 1783 cre-

273 1806 465 1849 dendum;
492 1816 617 1854 neque
631 1803 749 1841 ullum
765 1804 911 1840 exitum
925 1803 1073 1841 consilii
1089 1803 1147 1840 sui
1167 1803 1368 1854 reperiret,
1387 1805 1419 1842 si

274 1872 519 1917 permaneret
539 1864 575 1901 in
589 1864 780 1902 sententia
796 1879 805 1907 ;
823 1864 1003 1914 postulat,
1024 1864 1080 1901 uti
1099 1864 1329 1902 munitiones
1345 1865 1421 1902 dis-

270 1927 495 1978 jicerentur‚
515 1925 663 1976 sibique
682 1925 779 1962 liber
798 1925 925 1963 exitus
945 1926 1112 1963 daretur.
1165 1924 1255 1962 Non
1271 1932 1420 1963 tantum

276 1987 440 2026 induciis
458 1986 583 2032 factis,
612 1986 680 2023 sed
697 1999 816 2037 prope
831 1987 910 2036 jam
941 1986 1150 2024 constituta
1169 1999 1287 2037 opera
1306 2000 1423 2037 quum

276 2048 579 2098 complanarent,
611 2046 886 2097 custodiaeque
913 2047 1168 2084 munitionum
1198 2055 1326 2084 essent
1354 2047 1423 2085 de-

277 2109 431 2154 ductae,
451 2108 593 2145 auxilia
613 2107 713 2157 regis
745 2107 783 2144 in
815 2107 854 2145 id
885 2108 1084 2146 castellum
1103 2108 1296 2154 Marcelli,
1321 2110 1425 2160 quod

277 2169 494 2221 proximum
514 2175 597 2205 erat
616 2168 731 2218 regiis
751 2168 899 2215 castris,
932 2182 1058 2220 neque
1077 2169 1322 2220 opinantibus
1341 2183 1422 2207 om-

278 2230 404 2275 nibus,
429 2229 479 2280 (si
499 2236 627 2266 tamen
647 2228 685 2264 in
705 2229 880 2266 omnibus
898 2228 972 2266 fuit
987 2230 1162 2274 Cassius3
1181 2243 1267 2268 nam
1287 2231 1335 2268 de
1351 2231 1422 2268 hu-

277 2293 340 2342 jus
361 2289 598 2329 conscientia
617 2289 884 2342 dubitabatur)
904 2291 1092 2342 impetum
1111 2290 1301 2340 fecerunt,
1321 2305 1422 2336 com-
