1472 2664
278 275 353 314 DE
381 275 559 313 BELLO
589 275 765 313 AFRIC.
790 275 967 312 LIBER.
1124 279 1195 318 173

62 386 106 416 ut
125 390 295 429 quaeque
313 379 434 428 prima
450 378 551 428 legio
577 385 747 424 venerat,
775 378 814 415 in
833 391 948 415 naves
973 377 1107 428 longas
1125 379 1194 416 im-

61 439 287 489 ponebatur,
307 438 453 488 equites
471 445 598 475 autem
618 438 656 474 in
676 437 879 475 onerarias.
932 437 993 474 Ita
1011 439 1193 487 majorem

59 506 205 549 partem
234 498 385 535 navium
407 499 634 536 antecedere
659 499 784 548 jussit,
812 506 852 535 et
877 498 1035 535 insulam
1062 506 1194 548 petere

61 559 316 609 Aponianam,
335 572 432 609 quae
451 573 527 597 non
545 561 651 597 abest
666 572 687 596 a
704 559 899 609 Lilybaeo.
942 558 1043 608 Ipse,
1062 571 1194 608 parum

59 627 328 665 commoratuS,
355 620 455 657 bona
473 633 682 670 paucorum
701 619 833 656 vendit
850 618 1026 669 publice:
1053 618 1192 656 deinde

57 678 212 716 Allieno
230 679 410 729 praetori,
430 679 492 729 qui
514 679 679 716 Siciliam
711 678 920 724 obtinebat,
951 679 999 717 de
1018 680 1193 716 omnibus

57 739 170 776 rebus
188 739 386 789 praecipit,
419 746 458 776 et
477 740 524 776 de
545 739 692 790 reliquo
720 740 894 777 exercitu
922 740 1098 777 celeriter
1125 741 1194 778 im-

53 800 244 850 ponendo.
298 799 410 836 Datis
428 800 629 846 mandatis,
663 799 743 850 ipse
764 812 897 837 navem
917 802 1140 839 conscendit
1158 815 1191 840 a.

53 859 93 896 d.
113 872 158 896 vi
185 860 272 896 Kal.
292 860 380 897 Jan.
401 868 440 897 et
459 861 623 911 reliquas
642 873 757 898 naves
785 861 911 898 statim
932 868 990 898 est
1009 874 1193 900 consecu-

53 927 129 957 tus.
180 920 242 957 Ita
264 928 380 958 vento
407 929 526 967 certo,
548 921 740 971 celerique
760 921 910 971 navigio
929 930 1075 968 vectus,
1103 933 1190 974 post

52 980 154 1018 diem
175 988 346 1031 quartam
367 995 453 1018 cum
473 981 596 1031 longis
615 982 746 1031 paucis
773 982 930 1018 navibus
949 982 987 1018 in
1006 995 1191 1034 conspec-

52 1049 134 1079 tum
154 1041 309 1079 Africae
329 1043 454 1079 venit:
482 1054 643 1092 namque
663 1042 859 1079 onerariae
879 1043 1062 1092 reliquae,
1081 1057 1190 1093 prae-

51 1109 110 1141 ter
128 1116 280 1153 paucas,
298 1110 414 1140 vento
432 1103 623 1153 dispersae
641 1109 756 1152 atque
775 1103 1025 1148 errabundae,
1045 1104 1193 1142 diversa

51 1163 138 1201 loca
155 1164 360 1214 petierunt.
405 1164 590 1213 Clupeam
610 1163 728 1200 classe
747 1163 1064 1212 praetervehitur,
1084 1165 1190 1202 dein-

49 1224 98 1261 de
120 1223 332 1274 Neapolim.
377 1223 584 1274 Complura
603 1230 800 1274 praetcrea
819 1223 974 1261 castella
992 1231 1030 1261 et
1049 1225 1188 1275 oppida

48 1298 126 1323 non
145 1285 260 1335 longe
278 1297 301 1321 a
317 1284 411 1321 mari
430 1284 622 1334 relinquit.

99 1346 173 1383 ΙΙΙ.
226 1345 433 1396 Postquam
467 1345 722 1383 Adrumetum
751 1346 925 1391 accessit,
959 1346 1022 1383 ubi
1049 1349 1190 1397 praesi-

49 1409 153 1446 dium
172 1415 254 1445 erat
270 1406 585 1451 adversariorum,
618 1406 679 1443 cui
698 1414 870 1456 praeerat
899 1407 943 1444 C.
973 1407 1188 1455 Considius,

49 1479 88 1510 et
103 1485 126 1510 a
140 1471 295 1522 Clupeis
313 1470 524 1508 secundum
543 1483 648 1507 oram
663 1469 889 1506 maritimam
910 1482 997 1507 cum
1016 1471 1188 1520 equitatu

48 1531 268 1577 Adrumeti,
296 1531 367 1569 Cn.
389 1531 478 1568 Piso
497 1544 583 1568 cum
603 1530 750 1567 Mauris
770 1530 921 1568 circiter
951 1545 999 1568 111
1020 1531 1187 1569 millibus

47 1593 244 1644 apparuit:
279 1591 330 1629 ibi
350 1592 556 1643 paullisper
575 1592 714 1630 Caesar
733 1600 822 1629 ante
845 1599 998 1642 portum
1019 1605 1187 1630 commo·

46 1662 166 1700 ratus,
185 1653 275 1691 dum
290 1652 458 1703 reliquae
478 1665 593 1690 naves
613 1652 875 1697 convenirent,
895 1653 1055 1703 exponit
1074 1666 1187 1691 exer-

48 1715 189 1759 citum;
221 1716 329 1764 cujus
354 1726 534 1751 numerus
553 1713 591 1749 in
619 1712 834 1763 praesentia
853 1713 924 1750 suit
941 1713 1112 1763 peditum
1134 1726 1185 1750 111

47 1776 177 1821 millia,
204 1775 373 1826 equitum
393 1785 464 1811 cL:
495 1773 704 1824 castrisque
723 1780 811 1810 ante
839 1773 1019 1823 oppidum
1040 1774 1186 1824 positis,

47 1835 128 1873 sine
146 1835 283 1885 injuria
301 1836 522 1884 cujusquam
539 1833 712 1871 consedit
727 1849 736 1876 ;
764 1833 995 1883 cohibetque
1014 1846 1144 1870 omnes
1162 1847 1185 1871 a

46 1896 200 1946 praeda.
252 1894 446 1946 Oppidani
464 1894 614 1931 interim
634 1905 761 1930 muros
788 1893 941 1930 armatis
968 1894 1185 1944 complent;

46 1964 135 1994 ante
167 1964 314 2008 portam
341 1955 560 2006 frequentes
589 1953 793 1992 considunt
824 1954 872 1990 ad
904 1966 943 1991 se
976 1953 1185 1992 defenden-

48 2018 163 2054 dum:
191 2030 352 2067 quorum
372 2028 552 2053 numerus
574 2029 603 2052 ιι
625 2014 818 2065 legionum
839 2014 940 2052 intus
959 2022 1052 2052 erat.
1089 2015 1186 2053 Cae-

45 2091 120 2123 sar,
152 2077 295 2116 circum
325 2076 506 2127 oppidum
535 2083 682 2120 vectus,
716 2082 851 2112 natura
869 2075 944 2112 loci
971 2084 1185 2125 perspecta,

46 2138 145 2189 redit
164 2139 201 2175 in
222 2145 357 2175 castra.
401 2137 488 2174 Non
508 2149 620 2174 nemo
640 2136 775 2187 culpae
794 2138 875 2186 ejus
890 2135 1185 2187 imprudentiae-

47 2211 121 2249 que
141 2197 377 2247 adsignabat‚
401 2197 504 2248 quod
531 2209 654 2247 neque
674 2204 819 2234 certum
839 2196 966 2234 locum
995 2196 1184 2246 guberna-

47 2259 190 2296 toribus
204 2258 497 2309 praefectisque,
509 2270 622 2308 quem
634 2265 822 2308 peterent,
835 2263 1099 2307 praeceperat;
1118 2269 1183 2293 ne-

46 2331 134 2370 que,
164 2326 206 2357 ut
224 2332 305 2358 mos
324 2319 441 2370 ipsius
469 2318 784 2368 consuetudoque
808 2317 1064 2369 superioribus
1083 2323 1180 2354 tein-
