1472 2664
335 254 414 293 DE‘
437 254 614 293 BELLO
644 255 782 294 HISP.
809 256 985 293 LIBER.
1157 260 1228 298 957

95 356 392 408 oppugnandum
411 358 560 396 hostem
575 359 800 396 abverteret.
839 358 929 395 Huc
945 358 1166 403 accedebat,
1186 367 1228 395 ut

93 430 204 468 aqua,
223 426 487 469 praeterquam
508 419 544 456 in
565 419 646 469 ipso
665 419 805 469 oppido
825 418 988 462 Munda,
1008 418 1228 455 circumcir-

93 490 138 515 ca
156 491 341 529 nusquam
369 479 600 530 reperiretur
627 480 781 529 propius
800 478 915 515 millia
945 489 1123 527 passuum
1144 490 1229 515 nx:

92 550 189 587 quae
221 551 281 575 res
313 552 452 589 magno
484 546 566 577 erat
601 540 820 588 adjumento
852 537 1061 588 oppidanis.
1133 538 1231 575 Tum

90 606 289 647 praeterea
306 600 530 644 accedebat,
558 607 600 637 ut
618 611 736 648 agger
754 599 1022 648 materiesque,
1042 598 1141 635 unde
1170 611 1230 635 so-

90 659 180 696 litae
207 667 296 697 sunt
323 666 443 697 turres
462 660 537 710 agi,
565 659 720 709 propius
739 658 854 696 millia
878 671 1056 708 passuum
1089 670 1132 694 vi
1153 672 1230 696 non

90 719 390 769 reperiebantur.
437 720 497 757 Ac
518 719 735 769 Pompeius,
769 726 811 756 ut
830 719 957 768 oppidi
978 719 1230 768 oppugnatio-

88 789 177 814 nem
201 777 382 814 tutiorem
405 777 586 823 efficeret,
605 790 754 815 omnem
774 777 972 814 materiem
1001 779 1144 815 circum
1163 791 1230 827 op·

88 836 221 886 pidum
247 838 434 875 succisam
463 837 564 874 intro
592 837 795 887 congessit.
847 837 908 874 Ita
926 837 1139 875 necessario
1166 837 1232 875 de·

89 893 329 933 ducebantur
347 895 481 941 nostri,
501 903 543 933 ut
561 908 583 933 a
602 895 764 941 Munda,
790 909 902 947 quam
921 896 1093 946 proxime
1114 909 1228 947 cepe-

89 963 187 1000 rant,
207 956 404 993 materiem
425 956 489 993 illo
509 957 768 1006 deportarent.

141 1014 267 1051 XLII.
321 1015 426 1052 Dum
454 1015 550 1053 haec
570 1015 618 1052 ad
646 1015 834 1053 Mundam
861 1023 1062 1065 geruntur,
1094 1024 1133 1054 et
1153 1016 1228 1054 Ur-

85 1087 238 1112 saonem
255 1090 263 1116 ;
291 1074 443 1121 Caesar,
468 1089 583 1126 quum
604 1089 626 1112 a
644 1076 816 1113 Gadibus
836 1077 884 1113 ad
904 1076 1092 1126 Hispalim
1113 1089 1152 1113 se
1171 1089 1230 1113 re-

87 1135 266 1185 cepisset,
297 1135 512 1186 insequenti
540 1135 615 1181 die,
635 1137 821 1173 concione
842 1137 1040 1181 advocata,
1061 1149 1228 1173 comme-

85 1202 221 1240 morat,
247 1196 354 1232 initio
375 1203 599 1245 quaesturae
618 1209 707 1232 suae
727 1209 811 1233 eam
830 1195 1063 1246 provinciam
1083 1209 1130 1233 ex
1151 1209 1230 1233 orn·

87 1255 197 1292 nibus
215 1255 418 1304 provinciis
438 1255 669 1306 peculiarem
688 1256 759 1293 sibi
779 1256 1034 1300 constituisse,
1054 1263 1105 1301 et,
1133 1269 1230 1306 quae

83 1315 284 1365 potuisset,
311 1327 357 1352 eo
376 1322 547 1366 tempore
576 1316 761 1354 beneficia
779 1316 957 1366 largitum
985 1328 1091 1353 esse:
1123 1317 1223 1353 inse-

83 1376 214 1426 quenti
229 1385 408 1426 praetura
422 1375 601 1426 ampliato
616 1376 773 1421 honore,
793 1376 1008 1426 vectigalia,
1028 1389 1125 1426 quae
1142 1376 1230 1414 Me-

84 1436 196 1473 tellus
226 1437 480 1486 imposuisset,
508 1449 530 1473 a
557 1432 692 1473 senatu
719 1438 874 1487 petisse,
907 1444 946 1474 et
972 1436 1025 1473 eis
1055 1437 1228 1486 pecuniis

84 1496 319 1546 provinciam
347 1497 549 1534 liberasse:
577 1497 778 1547 simulque,
798 1497 1011 1547 patrocinio
1030 1505 1225 1548 suscepto,

83 1556 212 1593 multis
240 1557 492 1606 legationibus
510 1556 557 1593 ab
585 1569 625 1593 se
647 1557 684 1593 in
703 1565 874 1594 senatum
905 1557 1084 1603 inductis,
1117 1559 1228 1595 simul

82 1617 253 1666 publicas
268 1617 508 1666 privatasque
523 1629 688 1661 caussaS‚
707 1617 911 1655 multorum
928 1618 1133 1656 inimicitiis
1146 1632 1226 1657 sus-

85 1677 219 1726 ceptis,
247 1676 484 1713 defendisse:
522 1689 590 1713 suo
610 1677 700 1713 item
731 1677 767 1713 in
787 1678 987 1715 consulatu
1016 1679 1227 1724 absentem,

82 1749 179 1787 quae
198 1737 396 1786 potuisset,
417 1736 618 1773 commoda
637 1737 853 1786 provinciae
873 1736 1072 1774 tribuisse:
1095 1750 1227 1775 eorum

84 1797 251 1834 omnium
274 1796 559 1833 commodorum
579 1808 660 1832 esse
675 1803 713 1832 et
729 1796 982 1842 immemores,
1001 1804 1041 1833 et
1059 1797 1226 1847 ingratos

81 1857 119 1893 in
138 1869 178 1894 se
198 1864 238 1894 et
258 1858 293 1893 in
321 1856 503 1906 populum
527 1856 753 1900 Romanum,
781 1856 856 1892 hoc
875 1856 976 1893 bello
996 1864 1034 1893 et
1054 1857 1091 1894 in
1113 1871 1223 1907 praen

83 1918 197 1954 terito
225 1924 395 1966 tempore
424 1916 626 1966 cognosse.
686 1921 712 1938 “
738 1914 826 1961 Vos,
850 1918 937 1966 jure
969 1917 1156 1966 gentium,
1184 1927 1223 1956 et

82 1983 107 2001 ‘⁶
127 1977 265 2014 civium
287 1976 546 2013 Romanorum
566 1976 748 2013 institutis
767 1976 944 2026 cognitis,
964 1990 1070 2014 more
1089 1978 1222 2016 barba-

82 2042 108 2061 “
130 2051 271 2082 rorum,
313 2037 443 2087 populi
472 2036 636 2073 Romani
658 2037 941 2086 magistratibus
973 2041 1222 2077 sacrosanctis

81 2103 108 2121 “
126 2110 260 2134 manus
278 2097 394 2134 semel
410 2104 449 2134 et
463 2097 612 2147 saepius
631 2097 831 2140 attulistis;
855 2105 894 2135 et
913 2098 998 2135 lucc
1017 2098 1118 2136 clara
1134 2099 1224 2136 Cas-

81 2163 108 2182 “
126 2159 222 2195 sium
238 2157 275 2194 in
292 2157 416 2194 medio
432 2156 514 2194 foro
529 2157 673 2194 nefarie
693 2157 908 2194 interficere
927 2158 1108 2195 voluistis.
1146 2159 1223 2197 Vos

83 2222 109 2240 “
129 2218 181 2255 ita
199 2230 333 2268 pacem
352 2229 502 2267 semper
521 2216 667 2261 odistis,
686 2224 727 2253 ut
743 2217 846 2255 nullo
863 2226 1034 2267 tempore
1053 2219 1224 2268 legiones

82 2276 108 2300 ‘⁴‘
127 2277 272 2314 desitae
291 2277 422 2327 populi
443 2276 605 2314 Romani
623 2276 661 2312 in
680 2276 752 2314 hac
767 2276 963 2328 provincia
981 2277 1125 2315 haberi.
1167 2279 1222 2314 A·

155 2337 264 2374 ΤοΜ.
292 2337 343 2373 II.
618 2336 659 2372 K·
685 2336 715 2372 k
