1472 2664
241 256 317 291 252
537 252 761 290 INCERTI
799 254 1073 295 AUC,TORIS

243 361 373 390 autem
398 367 484 391 curn
505 355 695 404 equitibus
714 356 857 406 paucis,
891 356 1154 405 nonnullisque
1174 355 1379 406 pedstibug

242 414 291 450 ad
310 414 442 451 navale
471 413 699 465 praesidium
732 423 840 465 parte
869 416 987 452 altera
1007 416 1196 452 Carteiam
1223 424 1380 453 conten-

241 475 311 520 dit,
342 476 444 525 quod
476 474 656 525 oppidum
689 476 795 512 abest
821 488 843 511 a
873 476 1049 512 Corduba
1070 476 1185 512 millia
1203 489 1380 526 passuum

241 547 363 573 chx.
409 538 494 578 Quo
510 549 625 586 quum
646 536 693 573 ad
713 544 887 573 octavum
909 536 1119 573 milliarium
1141 537 1317 582 venisset,
1340 537 1381 573 P.

239 596 437 640 Calvitius,
457 597 521 646 qui
541 597 672 633 castris
691 604 805 632 antea
822 596 989 646 Pompeii
1010 597 1244 646 praepositus
1264 604 1377 642 esset,

238 657 322 704 ejus
346 656 472 693 verbis
500 656 680 693 nuncium
707 656 837 701 mittit,
871 669 984 706 quum
1006 656 1128 692 minus
1148 657 1246 694 belle
1265 657 1381 694 habe-

238 723 312 761 ret,
345 723 387 752 ut
415 716 610 753 mitterent
635 716 823 761 lecticam,
854 729 928 765 qua
956 717 991 753 in
1030 717 1207 767 oppidum
1241 717 1381 754 deferri

238 777 370 827 possit.
423 776 564 812 Literis
590 776 725 822 missis,
759 776 964 826 Pompeius
984 778 1174 814 Carteiam
1195 777 1380 815 defertur.

238 837 314 878 Qui
344 836 491 873 illarum
527 836 688 886 partium
720 836 886 873 fautores
911 844 1051 881 essent,
1082 837 1313 875 conveniunt
1342 838 1380 874 in

237 897 407 942 domum,
435 910 510 947 quo
529 903 611 934 erat
629 897 791 943 delatus,
828 897 913 948 (qui
932 898 1102 935 arbitrati
1123 906 1211 935 sunt
1230 899 1382 935 clancu-

241 958 320 995 lum
341 958 508 1008 venisse)
533 965 574 994 ut
593 958 640 994 ab
660 970 720 1003 eo,
754 970 850 1008 quae
869 958 998 1002 vellet,
1028 959 1075 995 de
1093 959 1195 996 bello
1214 959 1380 1008 require-

238 1026 338 1056 rent.
394 1020 522 1060 Quum
540 1018 755 1068 frequentia
773 1018 1026 1064 convenisset,
1046 1019 1094 1056 de
1113 1019 1252 1057 lectica
1271 1019 1382 1056 Pom-

236 1079 346 1129 peius
366 1091 496 1116 eorum
516 1078 555 1115 in
573 1079 688 1116 fidem
707 1078 891 1129 confugit.

289 1140 477 1178 XXXIII.
523 1140 676 1185 Caesar,
695 1152 745 1176 ex
761 1139 905 1189 proelio
924 1139 1071 1177 Munda
1085 1141 1294 1179 munitione.
1311 1142 1382 1179 cir-

237 1202 429 1246 cumdata,
459 1201 676 1238 Cordubam
696 1201 809 1237 venit.
864 1201 940 1241 Qui
959 1214 1008 1237 cx
1030 1201 1146 1238 caede
1167 1214 1212 1238 eo
1232 1202 1382 1252 refuge-

238 1269 335 1307 rant,
354 1269 511 1312 pontem
531 1268 828 1311 occupaverunt.
882 1263 1008 1303 Quum
1030 1275 1074 1298 eo
1094 1269 1193 1298 esset
1215 1270 1382 1308 ventum,

237 1321 442 1358 conviciari
463 1328 685 1370 coeperunt,
714 1320 796 1357 Nos
815 1333 863 1358 ex
883 1322 1028 1371 proelio
1047 1334 1192 1371 paucos
1211 1334 1384 1372 superes-

235 1394 301 1418 se:
331 1394 406 1431 quo
435 1382 757 1431 confugeremus?
812 1381 872 1418 Ita
898 1395 1069 1432 pugnare
1101 1389 1310 1432 coeperunt
1334 1383 1382 1419 de

235 1449 364 1492 ponte.
419 1441 559 1479 Caesar
590 1441 734 1479 flumen
766 1442 979 1492 transjecit,
1016 1450 1054 1479 et
1087 1450 1212 1479 castra
1242 1442 1381 1492 posuit.

237 1502 417 1552 Scapula,
445 1503 562 1540 totius
581 1503 777 1540 seditionis
795 1503 961 1540 familiae
981 1511 1020 1554 et
1039 1503 1300 1540 libertinorum
1321 1515 1384 1540 ca-

237 1572 321 1614 put,
341 1577 390 1601 ex
410 1563 555 1614 proelio
576 1563 794 1601 Cordubam
813 1577 928 1614 quum
948 1564 1127 1609 venisset,
1146 1563 1325 1601 familiam
1345 1572 1385 1601 et

240 1625 397 1661 libertos
417 1624 655 1669 convocavit,
683 1637 815 1675 pyram
834 1625 905 1661 sibi
925 1625 1131 1668 exstruxit,
1151 1637 1310 1662 coenam
1329 1624 1384 1661 af-

235 1685 326 1722 ferri
346 1697 458 1735 quam
475 1684 638 1734 opimam
659 1684 870 1734 imperavit,
891 1685 980 1721 item
1000 1685 1152 1735 optimis
1169 1686 1381 1722 insternen-

235 1747 324 1784 dum
343 1745 605 1783 vestimentis:
635 1745 836 1794 pecuniam
857 1754 896 1782 et
915 1753 1116 1795 argentum
1145 1745 1182 1781 in
1202 1758 1381 1795 praesen-

235 1808 287 1844 tia
305 1807 469 1844 familiae
489 1806 657 1843 donavit.
699 1805 787 1856 Ipse
806 1806 854 1843 de
873 1814 1045 1855 tempore
1065 1807 1262 1848 coenavit;
1291 1807 1383 1844 resi-

233 1879 321 1904 nam
340 1875 380 1903 et
399 1866 558 1903 nardum
587 1866 797 1903 identidem
817 1866 887 1903 sibi
911 1866 1088 1903 infundit.
1142 1867 1202 1904 Ita
1226 1867 1384 1904 novissi·

232 1940 296 1964 mo
317 1936 489 1977 tempore
509 1939 659 1963 servum
682 1926 808 1975 jussit,
829 1934 870 1963 ct
887 1926 1080 1972 libertum,
1106 1927 1170 1976 qui
1189 1926 1323 1964 fuisset
1342 1940 1382 1964 e-

228 1989 291 2036 jus
311 1987 562 2033 concubinus,
590 1986 752 2024 alterum
771 1999 811 2024 se
836 1987 1026 2038 Jugulum,
1062 1988 1222 2024 alterum
1251 2000 1383 2038 pyram

235 2048 456 2086 incendere.

288 2108 473 2145 XXXIV.
542 2109 734 2160 Oppidani
765 2117 907 2154 autem,
944 2109 1054 2146 simul
1088 2110 1228 2146 Caesar
1261 2117 1384 2146 castra

234 2176 368 2208 contra
398 2169 579 2219 oppidum
610 2169 750 2219 posuit,
783 2169 1001 2206 discordare
1021 2176 1231 2220 coeperunt
1265 2182 1385 2219 usquc

233 2245 293 2276 eo,
322 2237 365 2267 ut
385 2230 527 2267 clamor
557 2229 594 2266 in
615 2237 740 2267 castra
759 2239 891 2267 nostra
922 2231 1138 2281 perveniret
1161 2230 1254 2275 sere,
1287 2230 1386 2267 inter

232 2290 481 2328 caesarianos
510 2297 550 2328 et
581 2289 679 2328 inter
698 2289 963 2341 Pompeianos.
1020 2290 1138 2328 Erant
1170 2291 1232 2328 hic
1262 2290 1381 2340 legio,-
