1472 2664
140 236 186 272 36
442 231 518 270 DE
559 230 739 269 BELLO
779 231 948 271 CIVILI

190 333 276 372 XX.
330 333 419 372 Hoc
446 347 538 373 vero
565 335 686 385 magis
713 347 919 386 properare
949 334 1086 381 Varro,
1114 343 1157 374 ut
1188 348 1276 374 cum

136 395 353 446 legionibus
379 406 493 445 quam
513 395 676 446 primum
696 395 827 433 Gades
853 396 1121 440 contenderet,
1150 410 1198 434 ue
1219 397 1282 434 iti-

137 468 229 493 nere
248 462 314 493 aut
329 456 541 504 transjectu
560 455 907 493 intercluderetur:
936 464 1045 494 tanta
1064 468 1110 494 ac
1126 463 1202 495 tam
1222 469 1282 495 se-

136 516 265 554 cunda
290 516 328 553 in
348 516 552 554 Caesarem
571 516 748 554 voluntas
766 517 985 567 provinciae
1005 518 1283 567 reperiebatur.

136 575 348 628 Progresso‘
378 576 413 613 ei
439 576 568 627 paullo
597 576 749 627 longius
782 577 914 614 literae
935 589 958 615 a
985 577 1161 615 Gadibus
1192 579 1278 616 red-

137 638 296 681 duntur;
323 637 436 674 simul
455 645 570 687 atque
588 637 638 675 sit
657 638 852 688 cognitum
873 638 921 675 de
941 639 1070 675 edicto
1089 638 1280 685 Caesaris,

138 698 375 736 consensisse
395 697 610 735 Gaditanos
633 699 826 749 principes
854 711 941 736 cum
961 700 1124 736 tribunis
1144 700 1280 737 cohor-

140 760 249 804 tium,
277 770 376 809 quae
395 765 524 795 essent
544 758 596 795 ibi
614 759 653 795 in
681 759 885 810 praesidio,
913 768 956 797 ut
973 759 1195 798 Gallonium
1226 773 1277 798 ex

140 819 283 870 oppido
312 818 566 868 expellerent,
595 819 728 856 urbem
756 819 994 870 insulamque
1028 820 1184 857 Caesari
1203 833 1284 858 ser-

139 886 286 917 varent.
341 877 430 916 Hoc
451 878 545 915 inito
565 878 739 924 consilio,
770 879 1060 917 denunciavisse
1089 880 1283 925 Gallonio,

139 948 184 978 ut
201 952 271 977 sua
289 946 438 989 sponte,
471 939 562 975 dum
582 939 663 975 sine
695 939 867 989 periculo
893 939 1041 985 liceret,
1071 939 1281 977 excederet

139 1000 315 1038 Gadibus
332 1015 341 1042 ;
369 1000 399 1036 si
419 999 458 1036 id
477 1011 554 1036 non
572 998 742 1044 fecisset,
762 1000 832 1038 sibi
854 1000 1053 1037 consilium
1075 1007 1276 1050 capturos:

138 1061 214 1099 hoc
234 1061 373 1098 timore
389 1059 614 1103 adductum,
635 1058 854 1096 Gallonium
873 1059 1044 1097 Gadibus
1058 1061 1285 1098 excessisse.

141 1121 216 1159 His
235 1120 399 1172 cognitis
418 1120 546 1165 rebus,
573 1119 695 1156 altera
714 1132 763 1156 ex
786 1131 816 1155 ιι
839 1120 1067 1170 legionibus,
1087 1133 1185 1170 quae
1205 1134 1289 1158 ver-

140 1183 280 1220 nacula
306 1181 583 1232 appellabatur,
611 1192 660 1217 ex
680 1181 815 1217 castris
836 1180 1032 1226 Varronis,
1052 1182 1228 1220 adstante
1248 1190 1287 1219 et

141 1241 384 1293 inspectante
403 1242 500 1292 ipso,
520 1241 630 1291 signa
647 1241 813 1285 sustulit,
833 1254 994 1292 seseque
1017 1241 1204 1292 Hispalim
1225 1255 1285 1280 re·

140 1303 259 1354 cepit,
289 1311 404 1352 atque
422 1302 461 1338 in
479 1301 564 1339 foro
594 1308 633 1338 et
653 1301 864 1351 porticibus
884 1303 965 1340 sine
984 1303 1173 1341 maleficio
1194 1316 1286 1340 con·

139 1365 251 1403 sedit.
277 1364 382 1415 'quod
401 1363 545 1400 factum
561 1362 658 1400 adeo
673 1364 756 1410 ejus
771 1371 984 1400 conventus
1003 1365 1105 1402 cives
1122 1365 1285 1402 Romani

142 1425 504 1476 comprobaverunt,
539 1431 580 1460 ut
610 1423 764 1461 domum
784 1423 832 1461 ad
861 1436 900 1460 se
929 1425 1090 1475 quisque
1121 1426 1287 1475 hospitio

141 1485 387 1536 cupidissime
402 1484 607 1535 reciperet.
635 1484 786 1526 Quibus
805 1485 918 1522 rebus
931 1486 1170 1535 perterritus,
1195 1486 1288 1522 Var-

141 1560 200 1592 ro,
229 1559 361 1596 quum,
389 1546 525 1582 itinere
545 1557 746 1591 converso,
773 1558 858 1583 sese
879 1546 1052 1583 Italicam
1082 1554 1286 1584 venturum

141 1608 392 1659 promisisset,
411 1606 552 1643 certior
571 1607 618 1644 ab
638 1606 714 1643 suis
733 1605 858 1643 factus
877 1614 948 1652 est,
967 1607 1186 1657 praeclusas
1205 1619 1288 1645 csse

145 1675 288 1720 portas.
343 1667 442 1704 Tum
461 1679 566 1712 vero,
585 1666 689 1703 omni
704 1666 932 1704 interclusus
953 1667 1102 1712 itinere,
1123 1668 1171 1705 ad
1191 1668 1291 1705 Cae-

141 1742 266 1767 sarem
285 1728 414 1773 mittit,
435 1734 608 1777 paratum
629 1739 670 1764 se
688 1739 786 1773 esse,
806 1726 1013 1776 legionem,
1034 1729 1094 1764 cui
1111 1727 1284 1777 jusserit,

144 1790 309 1827 tradere.
361 1787 432 1824 Ille
461 1787 509 1824 ad
538 1799 625 1824 eum
656 1787 747 1825 Sex.
776 1787 980 1825 Caesarem
1010 1788 1141 1833 mittit,
1170 1797 1284 1839 atque

144 1850 236 1887 huic
255 1848 351 1886 tradi
368 1849 491 1898 jubet.
546 1847 704 1885 Tradita
728 1848 894 1898 legione,
929 1848 1050 1886 Varro
1071 1849 1291 1887 Cordubam

147 1910 196 1947 ad
217 1910 418 1947 Caesarem
438 1909 567 1947 venit:
595 1909 724 1946 relatis
751 1909 798 1946 ad
815 1922 904 1946 eum
925 1909 1088 1959 publicis
1107 1922 1197 1947 cum
1214 1910 1292 1947 fide

147 1970 371 2016 rationibus,
398 1970 501 2020 quod
520 1982 639 2020 penes
665 1982 753 2006 eum
773 1977 830 2006 est
849 1970 1050 2019 pecuniae,
1078 1971 1208 2016 tradit,
1237 1980 1292 2018 et,

147 2031 251 2082 quod
270 2031 412 2081 ubique
433 2031 572 2068 habeat
599 2030 780 2067 frumenti
800 2042 845 2067 ac
863 2031 1030 2075 navium,
1059 2032 1240 2069 ostendit.

199 2090 308 2128 XXI.
354 2092 509 2137 Caesar,
529 2092 716 2128 concione
729 2091 860 2128 habita
876 2091 1096 2137 Cordubae,
1115 2093 1293 2130 omnibus

149 2152 361 2203 generatim
381 2152 523 2202 gratias
543 2152 647 2202 agit:
676 2152 823 2189 civibus
845 2152 1042 2197 Romanis,
1062 2153 1163 2203 quod
1185 2154 1294 2203 oppi-

149 2215 239 2251 dum
266 2214 300 2249 in
322 2226 389 2250 sua
420 2219 612 2264 potestate
640 2211 876 2249 studuissent
904 2207 1066 2255 habere;
1096 2213 1296 2263 Hispanis,

150 2275 254 2325 quod
272 2273 464 2326 praesidia
481 2272 720 2323 expulissent
737 2288 746 2315 ;
773 2272 989 2318 Gaditanis,
1010 2273 1114 2322 quod
1135 2281 1297 2312 conatus
