1472 2664
282 279 358 317 DE
386 278 565 317 BELLO
593 277 756 318 ALEX.
784 279 961 317 LIBER.
1119 283 1194 321 165

56 382 301 434 Cappadocia
325 382 507 421 Bellonae
526 383 725 433 templum,
757 384 860 433 quod
881 389 986 421 tanta
1004 382 1189 433 religione

54 444 206 490 colitur,
227 449 268 480 ut
283 443 460 482 sacerdos
475 445 557 493 ejus
571 443 680 488 deae,
699 445 914 493 maJestate,
934 442 1108 492 imperio,
1127 456 1196 493 po-

54 505 188 550 tentia,
215 504 408 542 secundus
425 517 448 542 a
467 517 557 554 rege
583 516 772 542 consensu
789 504 917 554 gentis
936 503 1034 540 illius
1055 504 1196 540 habea-

53 572 126 603 tur.
169 565 216 602 Id
230 565 376 603 homini
395 564 643 610 nobilissimo,
672 564 886 616 Lycomedi
906 563 1102 614 Bithynio‚
1127 564 1196 601 ad-

49 626 248 677 judicavit,
267 626 346 677 qui,
366 626 473 676 regio
488 625 762 676 Cappadocum
776 637 918 675 genere
938 633 1058 670 ortus,
1078 638 1195 675 prop-

51 692 111 723 ter
122 685 318 723 adversam
333 685 525 722 fortunam
539 686 725 735 majorum
740 697 909 730 suorum,
925 685 1197 723 mutationem-

55 758 129 796 que
147 745 313 796 generis,
336 747 424 795 jure
443 745 600 783 minime
627 745 760 791 dubio,
779 753 969 783 vetustate
990 753 1118 783 tamen
1136 746 1195 783 in-

50 806 241 852 termisso,
261 806 519 845 sacerdotium
549 807 588 844 id
606 806 819 857 repetebat.
874 806 1044 844 Fratrem
1064 814 1194 845 autem

52 866 338 914 Ariobarzanis,
370 867 618 913 Ariarathen,
649 880 766 918 quum
786 868 883 905 bene
902 868 1061 905 meritus
1091 875 1195 905 uter-

50 938 123 976 que
143 939 275 963 eorum
295 927 343 964 de
365 927 562 977 republica
583 935 696 972 esset,
717 940 764 965 ne
783 935 849 964 aut
869 928 977 978 regni
996 927 1190 965 hereditas

49 986 282 1024 Ariarathen
297 986 535 1033 sollicitaret,
551 995 618 1025 aut
631 988 742 1025 heres
754 987 863 1038 regni
877 995 1053 1033 terreret,
1078 988 1190 1026 Ario-

47 1048 200 1085 barzani
220 1047 409 1093 attribuit,
439 1048 503 1098 qui
523 1049 593 1086 sub
615 1050 698 1098 ejus
725 1048 886 1099 imperio
904 1060 950 1085 ac
969 1048 1114 1086 ditione
1134 1061 1194 1086 es-

50 1115 132 1146 set:
170 1108 251 1159 ipse
284 1108 356 1145 iter
387 1108 585 1160 inceptum
616 1109 728 1146 simili
764 1108 968 1147 velocitate
1000 1109 1192 1147 conficere

50 1169 193 1219 coepit.

101 1229 268 1267 LXVII.
316 1231 444 1273 Quum
473 1230 629 1282 propius
649 1230 830 1277 Pontum,
860 1230 1032 1281 finesque
1061 1230 1193 1267 Gallo-

51 1291 242 1342 graeciae,
284 1291 523 1338 accessisset,
559 1291 782 1342 Dejotaru5‚
814 1292 1027 1329 tetrarches
1060 1291 1193 1329 Gallo-

47 1351 224 1402 graeciae
243 1359 337 1390 tunc
364 1352 520 1403 quidem
549 1365 672 1403 paene
692 1353 824 1399 totius,
857 1352 983 1403 (quod
1002 1352 1037 1390 ei
1064 1366 1192 1404 neque

45 1412 209 1463 legibus,
228 1425 354 1464 neque
374 1413 556 1459 moribus,
576 1426 800 1451 concessum
816 1426 899 1451 esse
914 1414 1033 1451 ceteri
1052 1421 1190 1452 tetrar-

48 1474 143 1513 chae
163 1474 485 1525 contendebant,)
508 1474 589 1512 sine
611 1474 728 1513 dubio
747 1483 876 1512 autem
896 1488 966 1512 rex
982 1475 1191 1514 Armeniae

46 1535 202 1573 minoris
229 1536 278 1574 ab
298 1543 435 1574 senatu
454 1535 680 1586 appellatus,
700 1535 882 1587 depositis
902 1536 1016 1586 regiis
1033 1537 1190 1586 insigni·

45 1596 130 1642 bus,
161 1609 287 1647 neque
307 1604 454 1636 tantum
474 1597 620 1648 privato
639 1597 794 1642 vestitu,
814 1597 882 1634 sed
902 1598 1017 1635 etiam
1038 1609 1192 1635 reorum

47 1657 195 1704 habitu,
225 1659 388 1709 supplex
409 1659 458 1696 ad
476 1658 682 1696 Caesarem
700 1658 819 1704 venit,
852 1666 1016 1705 oratum,
1050 1667 1093 1696 ut
1119 1659 1191 1697 sibi

46 1718 278 1769 ignosceret,
298 1719 416 1769 quod,
449 1719 488 1756 in
507 1731 553 1758 ea
570 1726 679 1769 parte
698 1719 844 1770 positus
864 1727 1065 1767 terrarum,
1091 1733 1191 1771 quae

45 1779 149 1817 nulla
171 1780 363 1831 praesidia
381 1779 558 1818 Caesaris
577 1779 784 1825 habuisset,
817 1779 1052 1818 exercitibus
1072 1780 1193 1832 impe.-

43 1840 185 1891 riisque
204 1841 242 1878 in
260 1840 331 1878 Cn.
348 1840 521 1891 Pompeii
541 1840 675 1878 castris
693 1840 854 1878 fuisset:
882 1853 1008 1890 neque
1027 1841 1128 1878 enim
1148 1854 1191 1879 se

50 1901 225 1938 debuisse
239 1901 411 1951 judicem
431 1914 513 1939 esse
533 1901 877 1939 controversiarum
896 1901 1028 1952 populi
1047 1901 1189 1940 Roma-

47 1961 102 2008 ni,
121 1962 189 1999 sed
207 1975 342 2013 parere
362 1962 626 2013 praesentibus
645 1962 826 2012 imperiis.

97 2022 283 2060 LXVIII.
337 2023 483 2061 Contra
501 2036 615 2074 quem
644 2024 786 2061 Caesar
805 2036 922 2074 quum
942 2022 1103 2074 plurima
1122 2036 1191 2062 sua

46 2083 382 2122 commemorasset
400 2083 535 2129 officia,
555 2097 653 2134 quae
673 2084 806 2121 consul
826 2083 860 2121 ei
879 2083 1044 2122 decretis
1064 2086 1190 2135 pubii-

47 2144 102 2182 cis
120 2145 337 2188 tribuisset3
356 2158 550 2195 quumque
569 2145 832 2182 defensionem
846 2146 930 2194 ejus
946 2145 1088 2182 nullam
1105 2158 1190 2196 pos-

47 2217 89 2242 se
108 2205 396 2243 excusationem
409 2207 491 2255 ejus
511 2205 791 2256 imprudentiae
805 2206 977 2255 recipere
994 2206 1189 2256 coarguis-

49 2273 120 2312 set,
140 2267 242 2317 quod
262 2267 376 2304 homo
395 2273 523 2304 tantae
538 2266 763 2317 prudentiae
783 2279 829 2304 ac
849 2266 1070 2316 diligentiae
1088 2267 1188 2304 scire

47 2326 247 2376 potuisset,
269 2327 353 2379 quis
369 2328 503 2366 urbem
518 2327 744 2379 Italiamque
763 2334 929 2372 teneret3
951 2327 1015 2365 ubi
1033 2334 1188 2365 senatus
