1472 2664
279 294 354 334 DE
381 295 559 333 BELLO
589 294 750 332 ALEX.
781 294 958 332 LIBER.
1114 296 1187 335 167

55 408 116 438 tur
142 397 344 444 beneficio,
372 398 475 448 quod
500 397 642 436 auxilia
665 397 850 448 Pompeio
876 409 952 434 non
975 396 1188 434 misissent:

53 472 140 497 nam
159 471 199 496 se
217 471 342 509 neque
359 458 540 495 libentius
566 457 695 495 facere
714 457 934 508 quidquam,
963 469 1075 506 quam
1101 470 1189 506 sup-

52 520 213 570 pHcibus
233 519 456 569 ignoscere3
482 530 609 569 neque
633 517 915 568 provinciarum
943 516 1114 567 publicas
1133 517 1190 552 in-

48 580 167 630 jurias
187 580 403 617 condonare
423 579 467 615 iis
486 590 611 628 posse,
631 578 696 628 qui
715 591 792 615 non
809 577 972 614 fuissent
992 577 1030 614 in
1049 590 1089 614 se
1110 577 1190 614 offi-

54 640 167 679 ciosi:
196 641 234 678 id
253 641 390 690 ipsum,
419 639 522 689 quod
539 639 915 683 commemorassent,
935 638 1098 676 officium
1116 638 1191 675 uti-

54 701 126 738 lius
151 700 340 738 Pharnaci
367 700 496 746 fuisse,
523 699 587 750 qui
611 699 852 750 providisset,
883 712 932 736 ne
959 699 1191 743 vinceretur,

56 774 168 811 quam
197 761 282 807 sibi,
307 761 369 798 cui
389 761 441 797 dii
470 760 700 797 immortales
727 760 926 798 victoriam
954 759 1190 796 tribuissent.

55 822 189 872 Itaque
216 834 256 858 se
275 833 431 870 magnas
450 828 489 858 et
513 833 648 871 graves
666 820 822 870 injurias
842 820 980 857 civium
1001 820 1192 857 Romano-

55 896 154 928 rum,
182 882 247 932 qui
265 882 302 918 in
323 881 448 919 Ponto
468 880 653 931 negotiati
671 888 814 926 essent,
834 881 1013 931 quoniam
1033 880 1071 917 in
1092 881 1190 918 inte-

54 956 161 994 grum
178 942 379 980 restituere
397 955 471 979 non
487 949 628 992 posset,
648 941 861 978 concedere
877 941 1081 978 Pharnaci:
1103 954 1191 978 nam

56 1016 179 1054 neque
196 1002 408 1040 interfectis
427 1003 599 1039 amissam
620 1001 750 1047 vitam,
770 1014 897 1051 neque
916 1002 1083 1039 exsectis
1101 1002 1190 1038 viri-

55 1065 214 1110 litatem,
229 1063 430 1101 restituere
445 1075 573 1113 posse;
586 1062 688 1112 quod
700 1061 854 1112 quidem
866 1062 1094 1112 supplicium
1106 1076 1192 1113 gra-

53 1125 135 1162 vius
153 1132 275 1161 morte
291 1123 393 1160 cives
413 1122 576 1160 Romani
596 1123 799 1159 subissent.
828 1122 952 1159 Ponto
967 1135 1058 1159 vero
1078 1123 1192 1160 dece·

55 1185 164 1223 deret
182 1184 402 1227 confestum
437 1183 675 1233 familiasque
702 1183 993 1233 publicanorum
1024 1183 1193 1221 remitte-

58 1253 136 1289 ret;
166 1254 368 1295 ceteraque
389 1244 606 1281 restitueret
618 1243 732 1280 sociis
750 1243 972 1294 civibusque
994 1243 1189 1290 Romanis,

55 1318 151 1357 quae
166 1318 283 1356 penes
299 1318 386 1342 eum
401 1312 539 1342 essent.
577 1303 617 1341 Si
631 1303 800 1349 fecisset,
815 1306 894 1353 jam
909 1312 1002 1341 tunc
1019 1304 1091 1342 sibi
1105 1304 1192 1342 mit-

57 1372 155 1405 teret
172 1378 331 1404 munera
349 1378 394 1403 ac
413 1365 526 1410 dona,
546 1377 659 1415 quae,
677 1365 777 1402 bene
791 1365 904 1402 rebus
922 1365 1054 1415 gestis,
1073 1365 1193 1416 impe-

55 1435 199 1465 ratores
217 1427 264 1464 ab
279 1427 410 1464 amicis
430 1426 606 1476 accipere
621 1427 893 1464 consuessent:
917 1426 1074 1463 miserat
1091 1427 1194 1463 enim

58 1487 277 1526 Pharnaces
296 1500 476 1525 coronam
495 1499 664 1525 auream.
705 1486 779 1523 His
798 1487 988 1537 responSIS
1010 1486 1121 1533 datis,
1140 1487 1194 1524 le-

58 1556 166 1599 gatos
186 1548 345 1586 remisit.

107 1609 251 1647 LXXI.
297 1610 354 1646 At
373 1609 605 1656 Pharnaces,
626 1608 756 1647 omnia
767 1609 975 1646 liberaliter
988 1608 1195 1660 pollicitus,

57 1683 173 1721 quum
190 1670 434 1708 festinantem
454 1683 499 1707 ac
518 1677 786 1720 properantem
804 1671 1007 1708 Caesarem
1023 1679 1195 1722 speraret

54 1731 232 1769 libentius
260 1731 374 1769 etiam
401 1731 635 1768 crediturum
654 1732 732 1768 suis
758 1731 966 1782 promissis,
999 1745 1111 1782 quam
1131 1745 1192 1770 res

59 1801 269 1844 pateretur,
289 1807 365 1844 quo
381 1794 542 1832 celerius
559 1794 833 1846 honestiusque
851 1795 900 1832 ad
915 1808 974 1832 res
989 1795 1109 1845 magis
1129 1808 1195 1832 ne-

57 1855 238 1892 cessarias
256 1855 576 1905 proficisceretur,
603 1855 766 1907 (nemini
786 1856 887 1893 enim
906 1863 988 1893 erat
1008 1855 1196 1905 ignotum,

59 1914 227 1966 plurimis
242 1915 291 1953 de
311 1915 452 1953 caussis
470 1916 519 1953 ad
533 1917 666 1954 urbem
682 1917 885 1955 Caesarem
901 1915 1092 1967 revocari)
1115 1916 1196 1954 len-

60 1976 134 2013 tius
152 1987 281 2026 agere,
301 1976 515 2014 decedendi
529 1977 631 2014 diem
649 1978 844 2028 postulare
859 1977 1085 2028 longiorem,
1106 1990 1197 2028 pac-

58 2035 180 2073 tiones
198 2036 458 2087 interponere,
479 2036 516 2074 in
534 2050 682 2075 summa
703 2038 892 2084 frustrari,
911 2038 1053 2089 coepit.
1098 2040 1196 2077 Cae-

61 2108 134 2141 sar,
154 2097 309 2146 cognita
324 2097 532 2135 ealliditate
551 2098 731 2144 hominis,
746 2099 848 2150 quod
866 2099 948 2136 aliis
962 2099 1196 2149 temporibus

60 2162 196 2194 natura
213 2155 340 2194 facere
361 2166 624 2204 consueverat,
653 2166 746 2195 tunc
765 2158 994 2196 necessitate
1014 2159 1106 2196 fecit
1131 2160 1198 2196 ad·

63 2215 213 2264 ductus,
244 2225 287 2254 ut
314 2217 476 2255 celerius
494 2218 663 2256 omnium
681 2218 862 2270 opinione
888 2232 1041 2256 manum
1062 2230 1196 2257 conse·

62 2284 176 2314 reret.

114 2336 280 2376 LXXII.
332 2339 425 2377 Zela
443 2347 500 2378 est
519 2340 703 2392 oppidum
723 2341 762 2379 in
783 2341 922 2388 Ponto,
951 2341 1081 2392 positu
1101 2340 1196 2392 ipso,
