1472 2664
252 250 302 285 50
545 246 620 283 DE
663 244 842 284 BELLO
884 245 1052 285 CIV1L1

238 356 380 399 posset.
436 350 491 386 At
509 348 576 394 illi,
603 348 739 387 itinere
758 349 876 386 totius
894 349 1019 387 noctis
1038 348 1221 395 confecti,
1247 350 1379 389 subse-

237 410 303 460 qui
318 422 395 447 non
415 417 608 460 poterant,
628 417 743 460 atque
762 410 824 447 alii
844 410 918 447 alio
937 411 1024 448 loco
1044 410 1282 448 resistebant.
1319 411 1380 450 Ne

236 471 332 508 haec
353 471 507 522 quidem
528 484 588 508 res
608 472 816 509 Curionem
835 471 882 508 ad
902 483 1007 522 spem
1028 471 1260 509 morabatur.

289 532 374 569 XL.
425 533 541 577 Juba‚
575 532 716 570 certior
740 532 864 570 factus
892 546 915 571 a
941 533 1088 571 Sabura
1113 533 1160 570 de
1189 540 1380 573 nocturno

238 593 397 644 proelio,
428 605 459 630 11
488 594 606 631 millia
637 593 895 645 Hispanorum
917 603 956 632 et
975 594 1173 632 Gallorum
1195 595 1381 644 equitum,

237 664 332 705 quos
351 667 440 692 suae
461 655 658 693 custodiae
679 668 812 693 caussa
832 657 976 694 circum
996 668 1036 692 se
1058 655 1199 692 habere
1219 656 1383 693 consue-

237 722 310 760 rat,
337 722 374 753 et
395 716 566 765 peditum
587 729 670 753 eam
691 724 851 767 partem,
880 717 940 755 cui
961 716 1128 754 maxime
1147 715 1385 764 confidebat,

240 766 409 814 Sabin-ae
431 776 619 814 submittit
636 789 644 813 ε
675 777 756 827 ipse
776 790 863 814 cum
884 776 1039 827 reliquis
1060 776 1182 827 copiis
1202 776 1384 827 elephan-

237 837 363 887 tisque
383 848 435 873 Lx
458 837 597 874 lentius
625 838 885 888 subsequitur,
913 838 1141 889 suspicatus,
1169 837 1385 889 praemissis

236 897 443 948 equitibus,
473 899 594 948 ipsum
616 898 730 935 affore
751 898 970 935 Curionem.
1026 897 1173 935 Sabura
1193 897 1324 948 copias
1344 911 1385 936 e-

236 958 383 1008 quitum
403 958 653 1009 peditumque
674 958 839 1003 instruit,
860 965 974 1009 atque
994 958 1052 996 his
1070 958 1246 1010 imperat,
1267 966 1308 996 ut
1327 958 1377 995 si-

235 1019 445 1056 mulatione
477 1019 624 1056 timoris
652 1019 848 1069 paullatim
869 1019 1024 1064 cedant,
1052 1031 1097 1056 ac
1117 1018 1256 1069 pedem
1276 1018 1377 1058 refe-

234 1087 343 1120 rant:
364 1093 462 1126 sese,
482 1093 598 1131 quum
620 1093 717 1130 opus
733 1087 847 1126 esset,
867 1081 1017 1139 signum
1035 1079 1170 1131 proelii
1190 1080 1388 1128 daturum,

236 1148 291 1186 et,
332 1142 433 1192 quod
464 1154 544 1178 rem
573 1142 767 1191 postulare
800 1141 1058 1191 cognovisset,
1092 1141 1380 1191 imperaturum.

237 1203 370 1248 Curio,
398 1202 446 1240 ad
467 1202 700 1253 superiorem
720 1212 827 1253 spem
847 1202 976 1240 addita
1000 1202 1213 1252 praesentis
1235 1210 1385 1253 tempo·

235 1264 287 1301 ris
306 1264 500 1314 opinione,
520 1264 649 1301 hostes
668 1264 802 1313 fugere
822 1264 1042 1309 arbitratus,
1071 1263 1201 1314 copias
1219 1276 1271 1301 ex
1289 1263 1384 1302 locis

236 1325 497 1376 superioribus
517 1325 552 1362 in
582 1337 757 1376 campum
779 1325 949 1362 deducit.

286 1386 393 1423 XLI.
440 1386 590 1427 Quibus
604 1398 654 1422 ex
675 1386 768 1423 locis
781 1398 898 1436 quum
913 1385 1064 1436 longius
1082 1392 1183 1423 esset
1203 1398 1383 1436 progres-

236 1460 313 1493 sus,
333 1446 513 1485 confecto
529 1448 608 1496 jam
629 1447 758 1484 labore
778 1446 967 1492 exercitu,
988 1458 1060 1484 xvi
1082 1446 1240 1484 millium
1261 1447 1387 1497 spatio

236 1508 420 1546 constitit.
478 1508 555 1545 Dat
576 1507 652 1544 suis
673 1508 822 1556 signum
848 1506 1008 1553 Sabura,
1028 1507 1148 1544 aciem
1170 1507 1388 1554 constituit,

235 1576 276 1608 et
296 1569 499 1607 circumire
519 1568 673 1606 ordines
693 1576 808 1618 atque
829 1568 972 1606 hortari
992 1569 1152 1619 incipit:
1186 1568 1254 1606 sed
1273 1568 1384 1618 pedi-

236 1638 318 1670 tatu
341 1631 533 1668 duntaxat
564 1630 696 1680 procul
732 1629 780 1666 ad
812 1629 979 1680 speciem
1007 1629 1140 1675 utitur,
1169 1631 1318 1674 equites
1346 1630 1387 1667 in

235 1693 357 1731 aciem
379 1692 509 1730 mittit.
547 1691 633 1729 Non
655 1691 763 1728 deest
786 1692 941 1740 negotio
958 1690 1091 1734 Curio,
1112 1703 1277 1741 suosque
1297 1690 1387 1728 hor-

241 1761 357 1799 tatur,
379 1761 420 1790 ut
443 1765 551 1803 spem
571 1765 721 1790 omnem
744 1752 780 1788 in
797 1752 937 1789 virtute
954 1759 1140 1802 reponant
1157 1767 1166 1789 ι
1187 1765 1234 1789 ne
1253 1752 1387 1790 militi-

241 1815 312 1851 bus
338 1813 506 1864 quidem,
541 1819 582 1849 ut
602 1812 773 1857 defessis,
801 1825 925 1863 neque
954 1812 1159 1862 equitibus,
1188 1819 1229 1849 ut
1249 1812 1385 1863 paucis

235 1882 274 1912 et
294 1874 425 1912 labore
446 1873 649 1918 confectis,
669 1873 835 1910 studium
857 1873 904 1910 ad
924 1873 1172 1923 pugnandum
1189 1873 1389 1924 virtusque

234 1936 385 1973 deerat:
412 1935 478 1972 sed
499 1935 524 1971 ii
543 1941 652 1972 erant
669 1946 830 1971 numero
851 1946 914 1979 ce,
935 1934 1069 1985 reliqui
1088 1936 1124 1972 in
1147 1935 1284 1973 itinere
1300 1935 1390 1973 sub·

232 1997 422 2034 stiterant.
478 1995 530 2032 Hi
551 2007 821 2046 quamcunque
842 1995 878 2031 in
900 2003 1046 2045 partem
1068 1995 1251 2046 impetum
1282 1996 1386 2034 fece-

234 2064 332 2102 rant,
353 2057 483 2094 hostes
502 2056 590 2094 loco
611 2057 749 2094 cedere
767 2057 980 2106 cogebant:
1000 2056 1067 2094 sed
1087 2069 1213 2108 neque
1232 2056 1387 2106 longius

231 2116 425 2167 fugientes
454 2118 649 2168 prosequi,
679 2129 750 2154 nec
771 2117 1038 2155 vehementius
1067 2130 1186 2169 equos
1206 2117 1387 2164 incitare,

233 2185 427 2228 poterant.
486 2179 538 2215 At
571 2178 764 2228 equitatus
798 2178 961 2215 bostium
995 2179 1042 2215 ab
1074 2186 1236 2229 utroque
1262 2191 1384 2216 cornu

234 2240 437 2278 circumire
451 2240 578 2279 aciem
606 2246 790 2287 nostram,
818 2247 859 2279 et
873 2251 1030 2279 aversos
1047 2246 1262 2291 proterere,
1291 2240 1384 2277 inci·
1425 2283 1433 2291 ,
